2626 4732
621 325 833 460 ...n-

178 551 180 556 ’
205 552 407 640 Iosophiam,
427 575 542 621 rerum
563 556 658 620 etiam
677 557 859 621 libertatem
877 551 1000 622 debuit.
1042 552 1139 639 Diog.
1156 555 1193 622 L.
1213 555 1265 626 11.

210 665 279 733 105.
297 665 339 726 ib.
355 665 485 751 Menag.
505 665 592 728 Gell.
612 665 652 730 N.
672 663 711 731 A.
728 663 775 729 ll.
799 663 846 730 ιδ.
888 662 1032 728 Macrob.
1056 663 1122 730 Sat.
1150 662 1177 727 l.
1211 684 1264 730 rr.

87 765 92 779 ‘
203 766 287 834 said
314 788 344 836 v.
363 762 495 830 Φαίδων
511 772 553 847 ¹).

289 875 474 940 Phaedonis
493 878 559 941 dno
583 876 765 956 exstabant,
793 875 834 939 de
858 877 976 961 quibus
999 896 1097 962 nemo
1125 875 1265 939 dubita-

137 1014 140 1031 ι
202 981 275 1063 hat,
302 981 438 1071 dialogi:
460 987 605 1069 Zopyrus
625 994 657 1047 et
682 984 788 1064 Simo,
812 992 844 1045 et
869 985 928 1069 qni
951 985 986 1045 in
1007 985 1143 1050 dubium
1160 1005 1264 1048 voca·

203 1091 326 1154 bantur
342 1102 499 1175 quatuor:
514 1091 642 1174 Nicias,
670 1093 800 1157 Medius
813 1091 864 1176 ²),
887 1092 1101 1157 Antimachus
1126 1101 1159 1157 et
1174 1093 1266 1178 Scy*

133 1219 136 1229 ’
204 1199 287 1262 thici
306 1221 483 1264 sermones.
717 1200 719 1205 ⁴

261 1348 264 1354 ·
287 1307 428 1391 Excepit
448 1328 524 1370 eum
543 1309 717 1374 Pusrsrus
735 1308 856 1391 Eleus,
873 1307 966 1373 cuius
988 1318 1117 1394 praeter
1134 1329 1265 1374 nomen

204 1416 289 1479 nihil
311 1422 467 1500 superest.
704 1501 705 1504 Ἴ
826 1416 828 1418 ’

212 1568 217 1576 -
285 1524 442 1609 Sequitur
452 1522 1266 1608 MensoruusEretriensiscumAsenrrrsnnPhli-

199 1620 279 1703 seio.
320 1633 426 1714 Atque
444 1632 656 1695 Menedemus
673 1631 808 1714 quidem
832 1638 928 1693 natus
958 1639 1007 1693 est
1027 1642 1117 1715 patre
1141 1634 1272 1718 nobili,-

201 1753 349 1825 ategeno
362 1739 403 1814 ³).
425 1740 556 1823 Megara
577 1737 741 1823 quondam
753 1760 828 1801 curn
849 1738 1010 1822 praesidio
1023 1740 1139 1804 missus
1158 1757 1265 1827 atque

200 1852 284 1914 forte
303 1849 338 1910 in
361 1846 569 1909 Academiam
594 1844 736 1925 delatus,
764 1846 921 1909 continuo
937 1846 1085 1909 militiam
1105 1849 1265 1914 desernit.

202 1958 287 2019 Tum
313 1965 423 2018 antem
442 1954 651 2040 Asclepiades
667 1956 789 2019 amicus
818 1955 958 2018 abduxit.
975 1975 1050 2017 enm
1077 1979 1117 2020 ex
1135 1958 1266 2021 Acade·

86 2137 91 2144 p
201 2067 268 2130 mia
287 2065 328 2128 ad
349 2066 548 2150 Stilponem,
570 2055 669 2146 quem
688 2062 809 2126 deinde
830 2063 1071 2126 incredibiliter
1086 2064 1266 2137 adamavit,

200 2177 318 2240 Postea
340 2193 417 2236 vero
432 2169 466 2231 in
481 2169 613 2232 Elidem
626 2172 780 2255 navigans
797 2166 1025 2257 Archipyllnrn
1040 2181 1072 2233 et
1090 2173 1270 2240 Moschum

203 2278 376 2357 convenit,
399 2277 584 2341 Phaedonis
605 2287 832 2359 assectatores,
854 2288 1035 2366 eorumque
1057 2302 1130 2344 cnm
1147 2284 1271 2347 Ascle-

202 2389 296 2475 piade
309 2387 470 2453 rationem
488 2385 609 2477 ascivit.
639 2386 691 2451 Ex
710 2408 777 2470 quo
795 2408 833 2450 ea
848 2398 933 2453 seete
945 2391 1133 2453 Emicoauu
1148 2395 1273 2477 appel.
1300 2399 1304 2407 '

204 2498 359 2565 lationem
389 2517 464 2558 cum
495 2495 634 2562 nomine.
658 2495 913 2559 Easrumconuu
943 2498 1163 2564 commutavit.
1215 2501 1271 2564 Ita

181 2608 275 2672 wrara
298 2604 513 2689 Diog.1..-11.
541 2604 609 2670 125.
634 2587 701 2666 aa
744 2603 858 2668 suaso
878 2608 915 2670 n.
939 2607 998 2686 1x‚
1025 2627 1050 2668 1.
1070 2629 1101 2690 p.
1116 2607 1265 2691 usqu,

192 2736 237 2785 r.
258 2736 291 2802 p.
303 2715 374 2795 448.
399 2714 470 2775 Cas.
512 2711 621 2790 Minus
639 2711 904 2798 igiturs'ceurate
922 2715 1136 2781 Menedemus
1157 2716 1265 2804 ipsius

207 2934 458 2951 Μ

245 3097 271 3171 1)
308 3095 421 3151 Suidas:
449 3095 554 3152 τοῦτον
580 3072 681 3166 ἁυνέβη
705 3095 822 3170 πρῶτον
846 3095 1031 3168 αἰχμάλωτον
1053 3089 1112 3152 ὑπὸ
1132 3097 1266 3158 Ἰνδῶν

312 3179 467 3264 ληφθῆναι.
503 3191 546 3244 Ab
564 3194 637 3245 Iunis
659 3172 745 3246 uero?
771 3190 873 3268 Itane?
893 3194 926 3246 ln
940 3203 1069 3265 promptu
1083 3203 1124 3247 est
1137 3195 1265 3251 seribere

312 3304 377 3342 sum
389 3288 422 3344 A.
434 3288 513 3342 Porto
524 3285 607 3348 :sind
625 3288 641 3339 t
646 3288 737 3359 ῃστῶ
743 3304 760 3341 ν
777 3287 800 3339 λ.
815 3305 885 3360 quae
907 3296 948 3340 est
964 3290 1066 3342 usitata
1080 3292 1109 3341 in
1122 3289 1165 3343 his
1179 3292 1266 3346 locu·

309 3383 364 3462 tio.
400 3382 562 3452 Exemplum
577 3382 692 3452 praebet
703 3382 816 3440 Aristot.
830 3381 951 3453 Metaph.
970 3385 1014 3439 IV.
1027 3405 1054 3456 p.
1074 3406 1121 3442 ruo
1132 3426 1139 3450 ‚
1152 3406 1196 3459 29.
1217 3387 1264 3443 Bt.

310 3476 448 3548 λῃσταί
467 3483 559 3529 autem
571 3477 646 3548 apud
663 3485 768 3533 veteres
779 3485 842 3530 sunt
848 3481 970 3549 piratae.
1005 3479 1099 3533 Valek.
1110 3483 1204 3540 Anim.
1222 3483 1265 3537 ad

311 3571 437 3625 Ammon.
456 3571 502 3621 ΙΙΙ.
526 3573 552 3626 8.
570 3588 598 3642 p.
617 3570 673 3642 ¹94·
693 3572 806 3641 Propius
826 3571 861 3623 ad
877 3573 1018 3643 vulgatum
1038 3573 1161 3642 accedit,
1181 3578 1264 3649 quod

310 3665 380 3717 mihi
395 3668 425 3717 iu
442 3675 562 3719 mentem
577 3669 672 3721 venit:
690 3657 747 3718 sud
768 3665 938 3722 Λινδίων
954 3670 1111 3741 ληφθῆναι.
1261 3646 1266 3657 ¹

244 3793 273 3865 u)
310 3792 340 3845 Si
358 3809 423 3881 uera
439 3801 480 3846 est
490 3795 588 3851 lectio.
622 3793 656 3848 V.
669 3794 777 3864 Menag.
789 3792 823 3846 ad
843 3793 872 3852 h.
888 3797 906 3848 l.

240 3922 273 3995 3)
308 3922 406 3975 Postea
424 3923 603 3978 Menedemus
622 3931 650 3976 et
667 3921 843 3993 Asclepiades
862 3932 946 3976 noctu
961 3926 990 3977 in
1008 3927 1126 3997 pistrino
1145 3931 1260 3986 molen-

308 4015 344 4068 do
362 4018 465 4070 victum
484 4015 662 4088 quaerebant
684 4013 797 4068 'Athen
816 4015 862 4073 IV.
885 4035 925 4088 ¹9·
940 4036 968 4090 p.
982 4024 1039 4103 1t38.
1060 4043 1083 4078 a.
1121 4025 1203 4081 Cous.
1222 4028 1260 4083 de

305 4108 463 4165 Menedemi
482 4123 569 4174 socna
591 4109 692 4173 Athen.
710 4110 742 4169 x.
763 4112 789 4168 5.
808 4128 835 4183 p.
855 4109 915 4184 4¹9
935 4113 954 4168 f.
975 4115 1038 4172 Cas.
1091 4150 1093 4155 ,
