2626 4732
635 376 932 446 ..3fi....

218 521 409 611 arctioribus
432 540 578 605 terminis
599 543 785 611 astrinxisse
811 545 966 630 arbitror,
996 549 1042 613 itu
1072 559 1109 616 nt
1136 573 1272 621 omnem

213 651 486 739 comparutionem
507 656 562 725 (ea
584 651 673 716 enim
694 665 743 718 est
769 653 951 745 παραβολή)
981 659 1016 720 in
1041 658 1082 723 iis
1117 659 1272 726 adhiberi

211 771 360 830 vetaret.¹
379 761 461 822 'Non
486 759 577 821 enim
601 782 711 824 rernm
735 760 982 846 similitudines,
1014 769 1071 831 sed
1105 770 1271 856 nosipsos

210 892 280 935 esse
303 869 577 933 demonstrandus.
628 870 665 931 Id
685 870 774 954 quod
791 872 991 936 Socraticum
1012 874 1110 937 simul
1139 900 1207 942 esse
1236 889 1272 945 et

210 977 481 1058 Parmenidenm,
513 979 556 1041 -in
586 978 698 1041 oculos
726 977 874 1041 incurrit.
914 981 977 1043 ‘Ad
1021 985 1157 1048 eandem
1195 1008 1272 1054 rem

206 1088 372 1174 pertinet,
413 1086 503 1172 quod
538 1086 726 1170 Simplicius
740 1089 771 1163 1)
804 1086 869 1168 ait,
912 1070 1085 1173 Megaricis
1120 1094 1271 1179 placere,

207 1216 347 1279 quornm
374 1195 492 1259 diversi
507 1194 573 1257 sint
591 1186 700 1276 λόγον,
727 1195 762 1258 id
787 1205 834 1258 est
849 1194 1053 1260 definitiones
1077 1220 1135 1262 seu
1149 1201 1274 1264 noti.

203 1325 308 1367 ones
330 1303 458 1388 potius,
487 1324 525 1364 ea
551 1303 678 1367 diversa
702 1321 790 1382 esse,
821 1302 945 1365 diversa
971 1312 1079 1366 antem
1103 1307 1272 1396 coniungi

202 1433 268 1473 non
290 1434 393 1496 posse,
437 1413 476 1474 ln
494 1416 567 1498 'qua
594 1410 755 1474 sententia
775 1410 957 1497 Stilponem
980 1433 1189 1498 perseverare
1209 1416 1271 1485 si·

200 1518 362 1584 dabimus.
846 1526 849 1531 ’

601 1692 854 1709 *-

286 1794 501 1860 Parmenides
519 1815 617 1880 porro
640 1817 744 1857 unum
764 1795 831 1858 Ens
854 1794 888 1855 in
910 1794 980 1858 sola
1003 1805 1113 1861 mente
1132 1795 1268 1878 inesse,

186 1903 398 1988 ¹nullamque
420 1926 573 1968 sensuum
593 1925 662 1965 esse
680 1904 714 1964 in
739 1925 778 1966 eo
812 1904 1039 1986 cognoscendo
1068 1905 1167 1969 fidem
1194 1916 1268 1972 eta·

199 2012 325 2079 tuebat.
368 2012 503 2075 Induxit
524 2011 611 2074 enim
634 2011 807 2076 discidium
829 2015 914 2074 inter
935 2014 1112 2095 mnndum,
1157 2037 1270 2099 quem

99 2108 102 2112 ⁴
204 2132 344 2202 vocant,
374 2114 487 2204 νοητόν
510 2131 542 2184 et
569 2121 728 2185 muudum
766 2113 918 2196 δοξαστόν
942 2119 983 2209 ²).
1035 2121 1128 2186 Idem
1159 2123 1271 2208 igitur

199 2229 375 2293 Euclidem
397 2252 527 2314 qnoque
549 2230 700 2313 probasse
732 2229 890 2293 credibile
925 2239 974 2292 est
1000 2231 1035 2312 ³).
1086 2230 1151 2293 Sed
1181 2233 1270 2316 quid

201 2350 367 2404 sectamur
383 2339 456 2403 seri
477 2337 614 2418 similia,
637 2359 738 2421 qnnm
760 2338 944 2400 testimonia
957 2349 1047 2402 certa
1064 2338 1273 2405 babeamus?

197 2449 333 2515 Etenim
369 2447 546 2510 Aristocles
575 2445 811 2528 Peripateticus
839 2456 951 2511 octavo
979 2447 1019 2510 de
1052 2446 1271 2533 philosophia

184 2555 282 2633 ¹libro
304 2553 389 2639 apud
408 2551 584 2615 Eusebium
604 2553 629 2612 P
652 2550 814 2631 E..X1V,
841 2554 1027 2636 17.p.441.
1051 2553 1132 2617 Rob.
1146 2555 1258 2642 Steph

198 2663 245 2727 ita
264 2661 324 2724 aits
347 2651 463 2723 ''Alloc
487 2658 517 2719 δ’
541 2657 680 2740 ἐγένοντο
705 2654 831 2734 τούτοις
857 2649 1096 2751 (Democritum
1121 2674 1154 2727 et
1179 2667 1261 2729 Ari.

198 2772 342 2856 stippum
372 2769 544 2854 significat)
565 2767 621 2848 τῆν
647 2763 791 2831 ἐναντίαν
810 2768 919 2853 φωνήν
938 2761 1100 2853 ἀφιέντες.
1128 2766 1258 2837 οἴονται

201 2981 290 3076 αὐτῷ
303 2988 339 3049 δὲ
354 2981 453 3068 μόνον
470 2984 515 3071 τῷ
530 2977 611 3070 λόγῳ
631 2976 797 3045 πιστεύειν.
845 2984 985 3046 Τοιαῦτα
1003 2981 1063 3070 γάρ
1084 3008 1156 3048 τινα
1173 2984 1260 3083 πρό.

200 3116 291 3180 τερον
310 3093 372 3174 μὲν
396 3087 578 3176 Ξενοφάνης
597 3087 644 3153 κεί
663 3088 869 3176 Παρμενίδης
889 3088 945 3154 καί
962 3087 1074 3175 Ζήνων
1100 3089 1157 3155 καί
1177 3099 1259 3161 Μέ-

199 3205 307 3273 λισσος
319 3194 432 3280 ἔλεγον,
449 3189 581 3280 ὕστερον
599 3195 634 3257 δὲ
658 3193 688 3256 οἱ
713 3191 788 3280 περί
804 3197 834 3256 Σ
840 3193 904 3259 τίλ
915 3221 938 3258 τι
950 3219 1036 3260 τινα
1058 3196 1130 3262 καί
1149 3204 1260 3282 τοῦς

194 3299 470 3390 Μεγαρικούς.
491 3295 584 3367 ὅθεν
601 3295 744 3386 η’ξίοον
763 3295 938 3388 οὗτοίγε
955 3306 992 3369 τὸ
1008 3295 1052 3369 riu
1073 3299 1119 3370 ἓν
1136 3302 1258 3376 εἶναι

181 3412 402 3495 ,καίτόμῆ
426 3401 635 3495 ὃνὲτερον
660 3403 796 3493 εἶναι,
820 3411 925 3495 μηδὲ
955 3413 1193 3496 γεννᾶσθαί
1211 3444 1259 3483 τι

197 3521 304 3606 μηδὲ
323 3516 601 3605 φθείρεσθαι,
620 3517 723 3601 μηδὲ
744 3521 960 3587 κινεῖσθαι
976 3520 1019 3583 ri
1038 3516 1260 3608 παράπαν.

284 3631 410 3712 Quibus
422 3628 502 3712 qnid
516 3627 707 3712 explicatius
718 3627 955 3714 exploratiusve
976 3629 1258 3705 desiderabimus?

204 3808 510 3827 Μ

252 3944 279 4013 r)
294 3940 336 3994 Ad
354 3939 466 3995 Ariston
487 3935 565 4006 Phys.
586 3934 637 3993 tol.
656 3938 699 3990 so.

202 4049 206 4058 ·
245 4043 274 4114 s)
290 4036 417 4094 Rrsndls.
434 4036 543 4091 comm
558 4032 645 4087 Eleae
660 4032 685 4105 J.
703 4049 733 4104 p.
755 4033 803 4091 sio
821 4051 881 4107 sqq.
898 4050 925 4106 p.
946 4031 1005 4104 ¹74·

238 4133 271 4204 3)
288 4133 430 4207 Spalding.
449 4127 531 4184 vind.
551 4127 671 4202 Mem·
689 4143 716 4200 7.
