2626 4732
544 349 752 418 ..76-

119 515 166 582 11.
195 534 242 597 ¹9·
263 514 367 599 primo
397 509 470 599 περὶ
491 511 635 578 δυνατῶν
654 513 739 579 libro
761 512 826 579 hoc
845 535 921 578 cam
941 467 1185 600 argumentum¹
1208 498 1211 505 ¹

121 629 334 708 pertractasse
350 627 394 701 ¹).
480 629 481 632 ’

116 782 121 788 ·
182 781 184 789 ’
204 764 424 850 Chrysippum
438 742 564 826 'deinde
585 761 796 846 reprehendit
811 759 1004 826 Plutarchus
1019 761 1170 849 Repugo.

122 868 222 936 Stoic.
244 893 276 954 p.
296 868 394 941 1055.
414 889 443 933 e.
464 891 489 936 s.
509 869 561 948 46.
582 857 613 954 p'.
634 869 706 935 301.
735 867 809 945 Vol.
832 866 875 938 V.
898 871 1047 952 1.Wytt.
1152 936 1154 941 .

203 1002 241 1075 Ο
269 1008 304 1074 66
336 1006 402 1072 τῶν
437 1005 581 1071 δυνατῶν
612 1003 703 1090 λόγος
729 1005 817 1092 πρός
849 1004 906 1070 τόν
933 1007 991 1090 τῆς
1019 1006 1175 1095 εἱμαρμέ-

123 1139 181 1202 νης
208 1110 301 1200 λόγον
332 1108 420 1202 αὐτῷ
452 1113 526 1188 πῶς’
549 1105 588 1175 οὗ
616 1107 797 1196 μαχόμενός
825 1114 931 1195 ἐστινς
964 1114 994 1179 εἰ
1024 1117 1086 1201 γὰρ
1113 1138 1174 1179 ουκ

125 1221 196 1290 ἔστι
220 1224 373 1302 δυνατόν,
398 1213 474 1307 <lurp
499 1247 520 1305 η
544 1221 629 1286 ἐστιν
654 1213 888 1307 ἆληθές,ἢ”
866 1218 980 1305 soccis,
1010 1212 1091 1286 κατα
1080 1196 1195 1287 As!

125 1325 265 1417 sisiospov,
303 1323 385 1394 ἄλλα
417 1331 481 1396 πᾶν
519 1330 557 1393 τᾶ
587 1328 781 1397 tarsensium
816 1331 876 1396 rosi
910 1332 1077 1417 γενέσθαι,
1114 1323 1176 1394 κᾶν

125 1438 172 1521 μῆ
206 1439 305 1523 μέλλῃ
350 1433 555 1520 γενήσεσθαι,
596 1431 732 1500 δυνατόν
771 1436 877 1518 ἐστιν,
920 1435 1012 1503 ἔσται
1050 1437 1175 1504 δυναταὶ

119 1542 228 1607 ,πολλοὶ
261 1542 326 1607 τῶν
358 1541 405 1625 μῆ
443 1541 519 1606 καθ’
545 1535 736 1628 εἱμαρμένην
769 1534 935 1627 ἀνίκητον.
969 1549 1036 1626 stri.
1076 1547 1176 1618 conf.

127 1651 198 1717 Cic.
222 1653 264 1717 de
287 1654 357 1715 Fut.
373 1652 404 1718 8.

211 1793 383 1857 Uberrima
401 1793 544 1858 eundem
560 1795 671 1858 locum
689 1766 804 1859 tracias
822 1797 1010 1895 Alexander
1029 1795 1178 1882 Aphrod.

128 1899 198 1966 Nat.
219 1901 351 1978 Quaest.
375 1900 403 1968 l.
422 1903 454 1982 4.
476 1901 577 1965 Cuius
599 1901 728 1986 singula
757 1901 908 1966 adversus
929 1904 1053 1966 Stoicos
1079 1923 1179 1988 argu·

128 2011 240 2068 menta
261 2006 447 2091 explicare,
469 2008 519 2072 nil
541 2010 664 2076 attinet.
706 2009 838 2072 Summa
857 2031 971 2072 eorum
989 2009 1023 2071 iu
1046 2031 1084 2073 eo
1105 2031 1179 2072 ver·

55 2132 61 2142 ’
128 2122 236 2194 satur,
258 2125 294 2178 ut
315 2117 481 2198 ostendat,
504 2119 532 2181 si
554 2141 596 2182 ex
618 2118 746 2180 infinita
767 2141 936 2182 causarum
956 2118 1038 2181 serie
1065 2117 1181 2181 omnia

130 2233 328 2306 nascautur,
358 2227 444 2288 nihil
473 2226 637 2311 reliquum
667 2250 736 2292 esse
763 2228 920 2305 liberum,
946 2206 1085 2311 tolliqire
1108 2247 1180 2289 non

129 2331 236 2397 solum
256 2333 361 2418 ipsum
382 2330 419 2393 τᾶ
446 2326 600 2413 δυνατόν,
632 2332 688 2397 aed
719 2333 862 2395 hominis
888 2354 1021 2416 quoque
1042 2326 1206 2398 liberta-'

130 2451 208 2511 tem.
248 2441 471 2504 Nominandus
493 2441 634 2525 deniqne
656 2439 759 2504 estin
781 2442 844 2519 eis,
875 2462 1016 2524 quorum
1043 2442 1181 2527 ingenia

128 2552 243 2615 endem
256 2550 401 2634 quaestio
420 2552 578 2631 exercuit,
599 2550 788 2614 Hadrianus
808 2549 985 2627 Turnebus,
1004 2553 1061 2636 qui
1076 2573 1182 2634 quum

130 2657 166 2722 in
190 2658 384 2724 Ciceronem
405 2656 449 2720 sle
467 2657 535 2721 lato
550 2665 839 2737 commemoretur,
862 2657 1020 2756 singulari
1042 2666 1090 2720 est
1106 2679 1182 2721 eam

131 2766 309 2850 scriptione
330 2774 530 2851 persecutus.
572 2749 707 2849 Legitur
735 2765 819 2828 haec
844 2766 1044 2850 «Disputatio
1072 2764 1118 2827 ad
1142 2767 1182 2828 li-

132 2876 224 2939 brom
247 2874 409 2937 Ciceronis
431 2873 472 2935 de
492 2873 625 2936 Fatos'
616 2895 650 2934 sn
667 2872 874 2958 Operibus
844 2893 924 2953 eros,
945 2894 977 2956 p
1001 2872 1182 2956 257-261.

134 2982 212 3048 Vol.
234 2981 260 3044 1.
281 2983 331 3045 ed.
352 2983 485 3065 Argunt.
511 2979 678 3048 1600.f01.
700 2981 906 3064 Propositum
929 2989 1038 3043 autem
1063 2982 1095 3044 ei
1120 2989 1180 3061 est,

134 3096 177 3168 ut¹
195 3109 325 3151 omnem
347 3087 522 3171 impietatis
543 3087 648 3149 lahem
670 3110 688 3149 a
708 3086 852 3153 Diodoro
880 3098 1043 3167 amoveat,
1069 3088 1181 3162 illiusf

52 3228 57 3237 ·
136 3214 200 3277 que
222 3193 282 3254 hac
306 3192 346 3256 de
367 3213 404 3256 rc
430 3191 618 3277 opinionem
642 3191 788 3277 impenso
808 3202 949 3258 tueatur.
992 3198 1065 3278 Qua
1084 3196 1119 3259 in
1141 3216 1181 3263 re

135 3302 187 3368 vir
206 3298 345 3366 eximius
365 3299 441 3365 sutis
462 3298 557 3368 docte
577 3297 784 3385 feliciterque
803 3309 855 3380 est
874 3312 1036 3390 versatus.⁴

137 3614 371 3635 ..ι-η-Ι-

67 3766 72 3775 ·
174 3749 204 3822 ι)
224 3754 350 3808 Fortasse
364 3720 423 3806 eam
439 3768 496 3804 rem
508 3758 665 3823 persecutus
678 3757 721 3804 est
734 3750 819 3809 etlam
831 3751 903 3810 libro
920 3750 988 3824 περὶ
1000 3748 1181 3823 εἱμαρμένης.

243 3847 323 3906 eorl.
340 3847 450 3920 baguas.
469 3845 503 3900 de
522 3843 617 3917 Chrys.
634 3863 661 3919 p.
684 3845 745 3904 sss.
