2626 4732
596 366 804 446 232-

172 533 297 602 tonum
321 530 510 598 hominibus
537 530 573 595 in
596 533 663 598 vitu
690 553 761 597 esse
783 522 986 595 existimabat
1015 529 1231 600 prudentiam

171 644 265 709 illam
278 638 502 724 Socraticam,
522 663 588 727 qua
610 642 652 706 ad
664 640 818 710 ,divinam
842 651 986 705 mentem
1002 642 1150 726 proxime
1169 665 1227 707 ac·

173 753 342 818 cederent.
387 749 480 813 Idem
499 769 597 832 porro
624 748 749 813 honum
771 757 931 832 quatenus
957 749 1116 813 summam
1141 738 1233 813 con-

170 862 295 926 tineret
309 857 688 943 cogitandifacultatcm,
708 859 860 937 Mentem,
883 858 952 922 sive
973 855 1233 942 intelligentiam

172 969 319 1034 divinam¹
345 965 383 1041 in
402 956 750 1050 mundo'ubicumque
769 965 972 1028 manifestam
989 986 1129 1049 cumque
1156 966 1233 1050 agi-

171 1083 296 1139 tantem
322 1074 375 1152 (id
398 1074 488 1138 enim
511 1085 560 1138 est
576 1072 653 1148 νοῦς
679 1074 739 1139 ille
766 1073 923 1150 divinior)
949 1074 1107 1159 appellari
1132 1095 1232 1160 posse

172 1182 377 1252 existimavit.
425 1183 543 1268 Itaque
567 1186 656 1248 Deus
677 1193 711 1247 et
734 1205 826 1249 mens
846 1163 882 1247 et
902 1182 1077 1268 prudentia
1097 1190 1231 1247 tantum

172 1289 280 1367 abest,
308 1300 346 1354 ut
365 1292 431 1355 tria
453 1291 579 1354 diversa
596 1291 759 1376 principia
783 1312 853 1355 esse
874 1290 1068 1370 videantur,
1091 1300 1127 1351 ut
1141 1290 1230 1357 hacc

171 1396 332 1464 vocabula
345 1405 517 1481 propterca
528 1397 636 1460 solum
649 1396 689 1459 ab
707 1395 847 1459 Euclide
859 1395 965 1479 posita
982 1417 1051 1461 esse
1063 1416 1230 1478 censeam,

166 1513 259 1569 utet
277 1503 386 1568 unitas
406 1503 465 1566 illa
485 1503 584 1584 boni,
612 1524 695 1589 quae
718 1512 767 1568 est
787 1504 860 1589 ipsc
873 1505 979 1584 Deus,
1003 1514 1037 1568 et
1059 1505 1230 1587 diversae,

169 1613 290 1699 quibus
312 1612 352 1675 ab
372 1610 561 1675 homiuibus
588 1611 768 1698 percipitur
797 1619 894 1698 atque
922 1610 1105 1701 cogitatur,
1128 1614 1232 1678 ratio-

169 1742 229 1786 nes
249 1720 368 1783 melius
390 1727 593 1805 apparerent.

255 1826 381 1909 Quodsi
402 1827 484 1890 haec
503 1845 616 1908 reapse
639 1834 690 1888 est
708 1818 857 1891 Euclidis
877 1815 995 1910 mens-‚¹
1009 1828 1095 1892 male
1124 1847 1143 1889 a
1163 1827 1224 1891 Di·

171 1955 275 2020 ogene
306 1955 378 1999 eam
406 1953 476 1996 csse
503 1930 718 2016 explicatam,
748 1934 823 1999 luce
851 1934 970 2012 clarius
1001 1945 1060 1999 est.
1112 1934 1228 2000 Unum

170 2043 298 2111 addam.
327 2043 447 2108 Stoicis
468 2041 583 2122 etiam,
606 2040 666 2126 qui
686 2049 751 2102 tam
771 2041 885 2123 multa,
907 2053 941 2107 et
960 2046 1055 2129 plura
1075 2047 1226 2127 fortasse,

47 2204 49 2211 ,
169 2173 269 2236 quam
290 2152 390 2216 hodie
412 2151 555 2232 scimus,
578 2171 596 2212 a
617 2148 792 2234 Megaricis
814 2161 1032 2235 acceperuut,
1066 2154 1155 2216 Deus
1178 2153 1227 2214 ita

169 2259 410 2338 definiebatur,
431 2268 470 2321 ut
490 2280 566 2321 eum
575 2259 684 2320 Unum
699 2276 768 2319 csse
790 2266 824 2320 ct
841 2257 1093 2343 intelligentiam
1115 2268 1149 2322 et
1169 2261 1226 2322 fa-

168 2375 257 2446 tum,
279 2367 456 2450 Iovemque
479 2365 644 2430 dicerent:
666 2363 700 2426 ἓν
726 2385 760 2424 τε
783 2354 863 2426 εἶναι
887 2363 962 2427 θεὸν
985 2361 1041 2426 καί
1065 2365 1142 2430 νοῦν
1167 2363 1229 2430 καὶ

168 2467 361 2556 εἱμαρμένην
376 2469 525 2551 κοὶΔίο,
547 2474 679 2544 πολλοῖς
699 2491 732 2532 τε
748 2460 873 2555 ἑτέραις
895 2462 1082 2552 ὀνομασίαις
1109 2495 1227 2559 προςο.

104 2569 107 2574 ’
167 2572 376 2662 νομάζεσθαι.
415 2579 662 2664 Diog.L.V11.
688 2578 755 2644 135.
778 2577 822 2641 ib.
844 2581 971 2666 Meuag.
1040 2652 1042 2655 ¹

252 2682 424 2750 Contraria
446 2683 565 2746 deinde
585 2681 665 2744 Enti
684 2682 736 2744 illi
757 2685 817 2746 uni
835 2686 997 2751 Euclides·
1012 2686 1133 2752 dicitnr
1153 2712 1225 2756 sus·

170 2791 304 2874 tulisse,
329 2811 432 2874 caque
452 2813 493 2854 ne
515 2812 582 2853 esse
606 2787 735 2875 quidem
754 2789 884 2856 dixisse.
925 2796 1139 2878 Perspicuum
1160 2809 1224 2880 est,

165 2902 332 2988 pertinere
362 2900 427 2963 hoc
456 2899 499 2963 ad
526 2921 636 2963 rerum
657 2899 692 2960 in
713 2900 837 2962 mundo
858 2903 1028 2984 sensibili,
1050 2916 1088 2968 ut
1106 2907 1151 2968 isa
1174 2907 1225 2971 di.

167 3033 257 3090 cam,
280 3010 478 3076 varietatem.
522 3007 567 3071 Iis
587 3027 664 3092 crgo
687 2995 857 3098 essentiam
880 3008 975 3072 nullo
997 3013 1095 3076 modo
1116 3015 1227 3079 tribu·-

167 3117 252 3182 ebat.
296 3116 457 3181 Wdemor
482 3114 571 3179 enim
590 3114 814 3179 tantummodo
834 3136 924 3198 esse,
946 3131 1117 3205 propterca
1131 3126 1227 3206 quod

157 3210 251 3314 fiunt
267 3237 544 3306 acaemetarum,
570 3215 739 3306 γίγνονται.
780 3226 819 3286 lu
843 3247 909 3311 quo
921 3228 1102 3294 Eleaticum
1123 3252 1225 3318 agno·

169 3355 248 3399 scus.
290 3334 495 3418 Quamquam
524 3354 633 3417 neque
654 3333 824 3397 Platonem
844 3335 886 3399 ab
906 3358 944 3401 ca
965 3339 1112 3404 doctrina
1130 3341 1227 3408 vide-

167 3465 240 3507 mus
262 3442 447 3508 abhorrere.
488 3442 576 3509 Vide
597 3432 695 3507 modo
715 3442 801 3511 Tim.
824 3466 857 3530 p.
878 3447 928 3510 28.
950 3469 978 3516 a.
1009 3449 1062 3528 48.
1094 3471 1122 3514 a.
1148 3449 1225 3521 Cic.
1281 3430 1285 3435 ⁵

119 3533 142 3581 ⁸*
168 3551 269 3638 Aeaci.
296 3553 322 3613 I.
351 3572 380 3632 7.
414 3547 579 3647 Plutarch.
608 3547 679 3612 adv.
709 3546 1224 3640 Colot.1114,f.p.555,Vol,

167 3658 211 3727 V.
240 3680 267 3723 1.
287 3659 390 3744 Wytt.
432 3658 543 3739 Quem
559 3654 674 3717 intime
687 3656 826 3739 quadam
849 3679 925 3734 curn
947 3661 1138 3748 Parmenide
1166 3685 1224 3730 co·

97 3834 100 3839 ,
168 3766 325 3855 guntione
354 3761 534 3847 coniungi,
555 3750 629 3845 quis
649 3760 781 3825 taudem
801 3761 1021 3834 infitiabitur?
1051 3804 1094 3825 -ι
1122 3767 1224 3846 Geni.

167 3877 358 3949 Boscfflam
380 3873 422 3943 V.
444 3869 482 3934 C·
503 3867 538 3932 in
559 3865 680 3932 Philol·
699 3891 732 3955 p·
752 3871 806 3949 42.

528 4036 865 4061 m
