2626 4732
513 334 812 406 .-26-

689 513 718 581 1.

285 655 392 741 Atque
422 651 560 739 primum
587 653 718 738 quidem
749 655 866 736 loquar
889 655 928 718 de
950 655 1103 718 Eucamu.

199 793 204 810 '
266 783 524 869 Philosophandi
544 785 704 847 rationem
734 785 922 869 triplicem,
962 809 1060 848 unam
1095 786 1135 849 de
1168 785 1237 847 vita

184 900 218 954 et
237 891 401 966 moribus,
424 892 559 954 alteram
581 892 621 955 de
638 903 753 955 natura
767 903 799 955 et
816 895 913 958 rebus
931 894 1080 974 occultis,
1103 893 1238 955 tertiam

184 999 226 1062 de
250 998 439 1061 disserendo
460 1009 492 1061 et
513 999 593 1082 quid
622 1021 736 1062 verum
764 1000 845 1082 quid
877 1001 996 1062 salsum
1024 1001 1085 1079 sit,
1123 999 1185 1058 iam
1216 1020 1238 1057 a

184 1104 368 1179 Platoue1)
394 1106 594 1167 observatam
617 1104 772 1167 videmus.
816 1107 994 1190 Separatim
1013 1113 1121 1168 autem
1144 1104 1250 1166 Ethi-

187 1232 280 1290 cam,
311 1192 503 1294 Physicam,
531 1192 744 1292 Dialecticam
771 1221 922 1275 tractasse
959 1213 1081 1297 primus
1113 1211 1251 1273 videtur

185 1321 386 1383 Xenocrates
403 1321 443 1394 ²).
509 1321 619 1398 Quare
661 1321 855 1404 tripartitam
895 1321 980 1384 hanc
1015 1320 1250 1406 philosophiae

148 1426 158 1468 s
187 1424 382 1489 divisionem
403 1427 489 1511 apud
510 1429 689 1512 Megaricos
711 1431 828 1494 frustra
850 1428 1038 1512 quaesieris.
1051 1422 1152 1492 ‚tssud
1171 1439 1249 1491 tan·

149 1524 153 1533 ⁴
184 1534 353 1596 tummodo
375 1545 542 1621 superest,
564 1545 600 1598 ut
614 1536 743 1619 singula
767 1557 898 1617 eorum,
921 1557 1005 1620 quae
1019 1536 1248 1620 cognovimus,

185 1641 314 1704 decreta
344 1641 567 1704 examinemus
608 1649 705 1722 atque
739 1642 779 1731 ad
814 1643 969 1705 scientiae
1000 1640 1122 1702 deinde
1161 1663 1249 1704 nor-

186 1769 273 1810 mam
294 1749 469 1833 exigamus.
512 1749 586 1828 Qua
607 1747 641 1809 iu
672 1770 708 1812 re
730 1749 900 1812 exordium
921 1749 1109 1811 faciendum
1130 1757 1180 1811 est
1199 1749 1246 1810 ab

123 1865 128 1871 ’
186 1856 393 1920 eaEuclidis
414 1856 598 1931 sententia,
643 1877 727 1939 quae
750 1879 767 1918 a
788 1856 934 1941 Diogene
963 1857 1094 1919 Laertio
1117 1864 1154 1950 ut
1174 1854 1243 1940 pri-

155 1954 158 1960 *
187 1965 289 2028 maria
311 1964 453 2052 ponitur.

176 2161 178 2165 ,
269 2087 373 2171 Οὗτος
398 2091 454 2158 καί
475 2095 517 2156 τοὶ
534 2091 754 2179 Παρμενιλλεια
775 2085 1013 2176 μετεχειρίζετο.
1030 2126 1065 2161 ·.·
1082 2078 1175 2164 οὗτος
1200 2089 1246 2154 ἓν

310 2207 355 2269 τὸ
398 2197 561 2288 ἀγαθᾶν
602 2195 793 2288 ἀπεφαίνετο
843 2206 1016 2274 πολλοῖς
1061 2193 1246 2280 ὀνόμασι

312 2310 586 2394 καλούμενον·
631 2304 775 2392 ὁτὲμὲν
809 2310 870 2399 γάρ
918 2294 1142 2393 φρόνησιν..
1184 2301 1247 2371 ὁτὲ

311 2417 348 2480 δὲ
369 2413 483 2496 θεόν,
517 2414 572 2481 καί
605 2407 716 2480 ἄλλοτε
751 2415 865 2495 νοῦν,
903 2411 959 2477 καί
985 2413 1026 2476 ui
1051 2408 1165 2477 λοιποί·
1196 2415 1245 2478 τὰ

312 2525 344 2588 δ’
369 2516 634 2603 ἀντικείμενα
670 2523 715 2608 τῷ
739 2515 850 2608 ‹ipa-‘ici
880 2513 1010 2607 ἀνῄρει,
1039 2519 1102 2604 μῆ
1129 2510 1247 2582 εἶναι

295 2629 458 2720 Ιφοὶσκοιν.

187 2776 236 2840 lta
257 2775 352 2858 Diog.
372 2773 466 2838 L.11.
493 2770 560 2838 106.
582 2771 677 2840 Conf.
689 2771 726 2835 L.
743 2772 816 2837 VII.
832 2765 898 2834 161.
911 2770 952 2835 de
973 2767 1253 2859 Aristougzflhio:

314 2882 429 2976 οἷρετοὶς
448 2911 482 2951 τε
505 2879 576 2952 οὔτε
602 2887 720 2975 uotiua
742 2886 874 2969 εἰςῆγεν,
908 2879 988 2959 aigi
1014 2885 1141 2968 Ζήνων,
1172 2875 1255 2948 οὔτε

312 2996 411 3078 μίαν
451 3000 621 3069 πολλοῖς
668 2988 841 3076 ὀνόμασι
878 2994 1161 3074 καλουμένην,
1203 2986 1256 3067 οἷς

235 3186 238 3190 Δ
315 3103 344 3169 οἱ
380 3103 578 3191 Μεγαρικοί,
622 3098 703 3168 ἄλλοι
736 3106 792 3167 καί
819 3105 855 3166 ‘co'
884 3099 963 3187 πρός
992 3126 1024 3165 τι
1054 3102 1122 3176 πῶς
1150 3095 1255 3181 ἔχειν.

314 3220 381 3279 κτλ.

105 3391 108 3398 ,
188 3326 230 3391 Id
250 3323 340 3410 quod
361 3346 380 3384 a
401 3321 560 3426 (Jicerone
584 3321 794 3385 confirmatur
816 3319 850 3380 in
877 3315 972 3383 Acad.
996 3317 1036 3384 ΙΙ.
1058 3318 1111 3394 4ο.

206 3495 532 3513 *uu-n·

225 3602 254 3671 1)
290 3600 369 3670 Diog.
385 3599 415 3650 L.
437 3599 485 3649 ΙΙΙ.
506 3596 549 3655 56.
570 3595 624 3649 Cic.
645 3595 728 3652 Acad.
750 3599 770 3650 1.
792 3595 816 3651 5.
835 3594 874 3646 ib.
888 3595 979 3650 Daris.
995 3594 1094 3665 Appul.
1110 3590 1144 3643 de
1161 3589 1253 3643 habi-

296 3695 356 3749 tud.
374 3694 459 3748 doctr.
476 3673 543 3747 Plat.
562 3693 583 3747 l·
605 3712 632 3764 p.
651 3694 711 3756 159.
727 3693 789 3753 vot.
807 3695 844 3746 11.
864 3693 922 3762 Rip.
954 3689 1113 3745 Schleierm.
1138 3690 1251 3742 Introd.

256 3773 258 3775 ι
298 3794 328 3844 iu
343 3793 410 3845 Plat.
427 3809 456 3860 p.
473 3809 500 3860 9.

226 3888 261 3960 λ)
295 3887 401 3940 Atticus
428 3884 501 3955 apud
536 3884 634 3938 Euscb.
657 3887 683 3938 P.
705 3886 737 3941 E.
752 3887 795 3938 XI.
815 3888 840 3942 2.
866 3904 896 3954 p.
910 3884 970 3946 299.
994 3886 1022 3935 R.
1046 3878 1140 3948 Steph.
1168 3875 1249 3932 Sext.

294 3982 396 4052 Empir.
416 3980 482 4049 Log.
503 3977 618 4037 v11.1o.
637 3979 677 4037 ib.
702 3980 782 4032 Fabr.
805 3999 831 4050 p.
855 3980 918 4039 373.
956 3977 1033 4032 Cous.
1062 3974 1252 4048 Wyrmersse,

298 4077 333 4130 de
346 4078 498 4130 Xenocrate
517 4075 560 4145 (L.
577 4077 613 4137 Β.
631 4073 727 4144 1822)
743 4095 770 4149 p.
789 4081 833 4148 67.
855 4096 913 4149 sqq.
