2626 4732
534 1637 595 1742 L.
665 1635 717 1744 S.

45 2069 128 2109 ,ὶῑ

91 2178 355 2337 Megaricorum
382 2227 518 2311 laudes,
548 2251 567 2292 a
599 2225 719 2315 quibus
747 2231 817 2295 fere
846 2231 954 2294 solent
981 2225 1148 2325 scribendi

92 2397 208 2458 capere
228 2373 410 2450 exordium,
425 2369 485 2452 qui
500 2367 540 2430 de
560 2365 612 2431 his
628 2367 724 2434 rebus
745 2369 923 2456 disputant,
943 2367 1108 2432 neminem
1124 2388 1145 2430 a

91 2524 145 2565 me
161 2499 261 2564 velim
275 2510 470 2584 exspectare.
491 2499 572 2562 Nam
587 2473 688 2586 quum
705 2498 838 2563 uberior
855 2520 965 2562 earum
982 2500 1143 2586 expositio

90 2654 199 2716 neque
218 2623 367 2716 magnoni
382 2632 418 2693 in
439 2631 600 2696 eiusmodi
622 2631 813 2717 quaestione
840 2631 1012 2697 utilitatem
1032 2637 1142 2719 nequa

88 2765 326 2827 iucunditatem
341 2762 461 2827 habere
471 2763 582 2850 possit,
603 2774 675 2827 tum
689 2762 775 2828 hanc
786 2772 907 2827 sectam
922 2767 1142 2834 abohlivione

64 2890 260 2972 ·'hominum
284 2896 451 2961 vindicare
469 2896 614 2960 omnium
635 2866 769 2960 minime
790 2904 840 2958 est
866 2906 1009 2966 necesse.
1051 2901 1142 2980 Quid

87 3029 177 3092 enim
202 3049 316 3093 eorum
341 2995 497 3092 memoria
517 3026 675 3092 illustrius
701 3027 844 3092 inveniri
870 3037 994 3113 potest,
1026 3015 1142 3117 quiet
1184 3061 1190 3074 ·

10 3154 12 3165 '
43 3178 48 3233 j
88 3161 235 3223 omnium
256 3163 356 3249 primi
375 3162 518 3228 Socratis
536 3183 644 3228 veram
667 3162 957 3246 incorruptamque
976 3166 1138 3231 rationem

85 3316 291 3382 propagasse,
305 3306 339 3362 et
350 3294 386 3356 iu
400 3317 438 3358 ea
447 3316 484 3360 re
498 3295 605 3380 ipsum
612 3293 783 3358 Platonem
796 3292 979 3359 adiutorem
987 3293 1137 3362 habuisse

31 3437 32 3440 ’
84 3430 277 3495 videantur?
295 3430 490 3494 Praesertim
505 3450 608 3514 quum
627 3426 799 3491 dialectica
812 3426 1049 3512 Megaricorum
1064 3429 1136 3498 laus

83 3562 185 3627 totius
204 3562 405 3646 antiquitatis
423 3583 480 3628 ore
499 3562 694 3643 celebretur,
716 3581 800 3645 qnae
822 3561 948 3648 integra
964 3573 1061 3648 atque
1078 3569 1134 3634 in-

83 3703 168 3759 tacta
181 3717 309 3782 semper
321 3696 500 3777 mansisset,
514 3696 576 3760 nisi
589 3717 650 3782 per
661 3716 809 3778 magnam
821 3695 1003 3761 disserendi
1014 3698 1132 3763 intem·
1148 3774 1152 3785 „

83 3828 265 3910 parantium
288 3828 472 3914 praeclarae
493 3844 606 3894 eorum
628 3817 797 3893 doctrinae
819 3827 909 3894 labes
931 3841 1056 3898 mature
1074 3833 1135 3899 ad·

14 3978 31 4058 :³
83 3979 192 4043 spcrsa
205 3969 300 4042 esset,
313 3983 396 4049 quae
410 3961 472 4027 diu·
480 3963 512 4027 ei
524 3962 676 4044 inhaesit,
691 3960 858 4047 hodieque
871 3962 1007 4030 fortasse
1019 3966 1139 4038 haere·-

83 4096 145 4185 ret,
163 4090 226 4158 uisi
243 4093 342 4159 unius
356 4075 537 4164 doctissimi
557 4095 621 4166 uiri
635 4093 794 4162 industria
813 4102 897 4160 esset
909 4096 1045 4166 sublata.

910 4210 930 4273 t
