2626 4732
496 367 850 460 „wa-2

186 550 280 617 posse
308 525 472 616 negaret.¹
505 508 614 598 Undm
640 531 727 597 enim
756 529 898 617 ponebat
923 532 1014 610 Eos,
1056 554 1122 618 quo
1139 535 1252 597 omnia

187 639 454 721 continerentur,
485 641 640 724 quodque
665 641 772 724 ipsum
800 636 940 723 partium
965 638 1060 701 simul
1084 649 1253 722 etumotus

187 770 247 812 seu
273 746 462 811 mutationis
486 756 570 810 esset
591 766 707 830 expers
724 747 768 820 ¹).
818 745 880 808 Cui
901 744 980 808 Enti
1010 742 1095 804 nihil
1120 746 1251 829 opponi

187 863 315 939 poterat
340 852 559 941 cpntrarium‚
590 852 753 941 quoniam¹
772 852 880 937 ipsum
907 851 1031 914 nullam
1054 873 1130 914 oum
1160 875 1254 935 quo-

187 984 286 1046 quam
303 948 578 1048 comparationem
597 960 795 1024 admittebat.
839 963 949 1042 Quare
964 981 1190 1044 quaecnmqne
1211 961 1252 1024 in

143 1072 228 1134 'eo
255 1088 323 1130 non
348 1076 473 1148 essent,
499 1091 537 1132 ea
562 1090 602 1130 ne
631 1089 697 1131 esse
717 1067 848 1152 quidem
869 1066 1067 1147 affirmabat,
1091 1067 1249 1153 nihilque

186 1176 288 1259 magis
315 1177 681 1243 monebat.cavendum
708 1199 801 1258 esse,
834 1197 931 1261 quam
961 1198 1003 1240 ne
1029 1167 1111 1239 εἶναι
1132 1177 1251 1261 aalma}

186 1267 265 1342 ὄντα
283 1284 357 1366 quis
377 1284 595 1348 arbitraretur.
637 1283 720 1347 Inde
738 1285 827 1347 enim
848 1283 936 1347 nasci
955 1284 1086 1351 omnm
1100 1304 1250 1346 errorem

64 1425 68 1432 ·
187 1409 351 1473 omneque
382 1392 513 1457 falsum.
566 1391 766 1455 Dialecticae
790 1411 889 1475 porro
911 1391 1141 1457 Parmenideae
1162 1413 1249 1469 pro-

186 1496 328 1581 positum
350 1510 429 1581 erat,
451 1502 538 1564 hanc
555 1499 650 1563 Entis
670 1499 827 1563 unitatem
842 1500 1041 1585 ubicumque
1059 1502 1248 1586 explorare,

185 1607 421 1693 contrariisque
438 1629 479 1670 ex
496 1605 573 1691 ipsis
590 1626 700 1669 rerum
718 1605 906 1693 notionibus
923 1607 1055 1670 remotis
1067 1605 1102 1668 in
1117 1628 1250 1672 summa

186 1713 262 1778 luce
286 1724 551 1781 commonstrare.
623 1714 626 1719 ’
673 1767 683 1793 „

269 1846 419 1910 Socrates
455 1841 574 1906 deinde
606 1841 784 1926 sapientiae
816 1841 1016 1926 principium
1050 1851 1082 1906 et
1114 1843 1244 1910 fontem

168 1954 355 2033 -ttatuebat,
374 1953 460 2016 nihil
477 1953 906 2040 magnoperelexpetendum
919 1973 987 2014 esse
1005 1950 1132 2014 homini
1148 1977 1247 2038 prae-

183 2067 236 2124 ter
270 2082 365 2123 unum
377 2105 392 2135 ,
425 2059 526 2144 idque
556 2081 624 2123 esse
655 2059 866 2139 cognitionem
901 2060 1025 2121 virtutis
1063 2059 1245 2147 officiique.

181 2167 276 2230 Hanc
309 2169 397 2230 enim
425 2187 495 2230 esse
529 2185 686 2230 summam
715 2163 859 2229 Socratis
886 2165 1064 2245 rationem,
1092 2167 1246 2254 officium

183 2294 253 2338 cum
275 2277 408 2338 scientio
432 2277 645 2347 coniunctum,
667 2273 736 2337 sive
752 2267 857 2356 λόγιον
875 2268 1050 2359 ἐπιστήμην
1064 2277 1115 2356 ²),
1140 2299 1243 2361 aper-

181 2391 252 2445 tum
275 2392 389 2446 estex
414 2381 597 2446 Aristotelis
629 2381 705 2444 Eth.
721 2381 805 2443 Eud.
829 2383 855 2450 l.
880 2381 911 2447 5.
954 2382 1047 2445 ldem
1071 2386 1244 2449 Socratem

182 2511 296 2555 omnes
319 2492 455 2555 virtutes
478 2483 646 2577 φρονήσεις
666 2490 864 2574 appellasse,
887 2509 1006 2573 easque
1026 2484 1139 2573 λόγους
1159 2515 1244 2576 per-

179 2597 325 2662 hibuisse
344 2599 445 2678 dicit,
466 2607 638 2682 propterea
661 2597 750 2680 quod
771 2600 921 2661 scientiae
945 2611 1061 2668 essent.
1103 2600 1243 2672 Aristot.

180 2704 257 2772 Eth.
275 2706 345 2773 Nic.
366 2709 426 2774 VI.
451 2707 517 2786 13,r
536 2705 568 2770 5.
588 2705 616 2770 5.
638 2704 700 2769 111.
720 2707 760 2786 8,
782 2705 825 2769 6.
855 2707 964 2788 Magn.
984 2709 1068 2770 Mor.
1091 2710 1121 2797 l.¹
1141 2729 1166 2776 1.
1183 2709 1241 2775 55.

118 2813 120 2820 ’
180 2814 230 2876 lta
259 2813 513 2879 demonstratum
542 2823 592 2877 est
613 2814 800 2898 nuperrime
828 2837 847 2876 a
877 2815 915 2878 C.
944 2816 983 2878 ll.
1011 2802 1156 2882 Brundis.
1195 2819 1241 2883 de

180 2919 274 2990 Socr.
299 2904 400 2988 doctr.
425 2922 459 2988 in
484 2923 567 2987 Mus.
597 2922 702 2991 Rhea.
733 2924 866 3014 lurispr.
891 2933 925 2986 et
953 2924 1037 2989 Phil.
1062 2924 1240 3011 l.'p.13o.

186 3032 256 3109 141.
277 3052 327 3114 sq.

193 3235 197 3244 .
265 3163 357 3244 Quid
380 3162 509 3226 multa?
549 3137 706 3226 Euclides
732 3185 750 3222 a
770 3163 902 3229 Socrate
927 3167 1120 3230 sententiam
1142 3161 1240 3227 illam

181 3282 374 3356 acceperat,
407 3272 559 3337 virtutem
580 3293 649 3334 esse
670 3291 774 3332 unum
795 3275 936 3352 honum,
959 3293 1105 3356 eamque,
1118 3273 1239 3355 cogni-

62 3452 69 3464 ,
180 3381 272 3444 tione
292 3390 418 3442 tantum
443 3388 477 3443 et
493 3378 629 3445 scientia
648 3379 830 3461 contineri5
851 3401 922 3444 eam
938 3380 1069 3444 demum
1090 3401 1159 3443 esse
1176 3401 1239 3444 ve·

179 3507 252 3553 ram
271 3480 444 3571 φρόνῆσιν,
465 3486 672 3571 prudentiam
698 3486 928 3568 strationem,
956 3488 1239 3572 intemperantium

181 3615 258 3660 vero
282 3616 321 3658 ne
346 3616 413 3658 esse
431 3596 582 3679 quidem,
609 3577 765 3678 quoniam
785 3614 881 3658 nemo
902 3594 987 3658 mala
1002 3616 1109 3680 perse
1125 3594 1237 3660 sciens

96 3925 98 3929 ’
185 3913 187 3917 ’
236 3916 262 3987 1)
279 3916 311 3969 V.
331 3907 465 3978 Pldtarch.
486 3909 546 3975 adv.
564 3883 654 3974 Colot.
680 3937 702 3973 s.
723 3921 762 3976 13.
782 3937 808 3992 p.
828 3919 882 3990 554
896 3937 937 3992 sq.
965 3920 1028 3974 Vol.
1047 3919 1082 3979 V.
1100 3938 1125 3992 7.
1144 3921 1233 3988 Wytt·

236 4019 269 4078 a)
288 4011 368 4071 Conl.
387 4014 455 4067 Plat.
475 4013 579 4084 Protag.
599 4031 627 4084 p.
640 4016 701 4086 329.
720 4014 746 4068 d.
765 4034 791 4086 p.
815 4004 875 4072 36ιῖ
896 4014 1059 4086 b..Euthyd.
1077 4032 1106 4085 p.
1126 4031 1187 4088 29²·
1206 4031 1241 4071 a.

285 4109 369 4179 Diog.
388 4108 425 4182 L.
438 4109 473 4166 11.
495 4111 536 4164 31.
557 4110 650 4170 Daris.
673 4109 783 4175 aal'Cic.
801 4110 885 4173 Acad.
905 4112 939 4166 11.
957 4109 1000 4180 da.
