2626 4732
613 349 824 424 ..50-

179 521 206 585 1.
227 537 258 604 ’9.
276 539 309 605 p.
331 518 403 587 261.
424 517 497 590 Cas.
539 519 603 584 Ubi
625 526 858 584 commemorat
877 517 1020 603 primum
1040 541 1135 586 snum
1154 523 1250 590 illud

179 627 269 690 inter
283 619 421 706 δύναμιν
433 636 469 688 et
486 625 645 712 ἐνέργειαν
665 626 853 706 discrimen,
876 647 942 710 quo
962 626 1129 711 difficilis,
1149 633 1250 700 unda

179 735 357 821 gignantur
375 735 561 818 quaelibet,
583 715 910 819 qaaestio'solvatum
933 734 1053 800 deinde
1076 760 1147 802 eam
1170 762 1251 806 rem

79 828 83 835 ’
180 845 227 908 ita
253 843 478 928 persequiturc
538 844 634 917 τοῦτο
670 843 702 905 δ’
738 843 772 908 ἐν
804 834 913 918 ἄλλοις
938 839 1109 930 διώρισται
1134 848 1178 910 δι’
1207 841 1253 912 αἶ..

181 947 323 1038 κριβείας
343 950 524 1037 pittaco·
548 944 647 1034 olor,
662 943 737 1038 ὅπερ
761 951 923 1035 ἐλέγομεν,
946 947 981 1015 αἱ
998 945 1133 1040 ἀπορίαι
1149 952 1253 1021 λύον.

94 1096 96 1101 ·
183 1084 262 1143 ται,
281 1060 325 1124 δι’
342 1053 382 1134 ἃς
405 1052 654 1145 ἀναγκαζόμενοι
677 1052 848 1148 αἷναιροῦσι
868 1060 932 1124 τῶν
956 1059 1127 1149 εἰρημένων
1150 1060 1254 1130 ἔνια·

184 1169 240 1233 διαὶ
262 1164 325 1254 γάρ
343 1191 395 1232 τοι
410 1169 506 1232 τοῦτο
523 1168 676 1232 τοσοῦτον
693 1163 724 1232 οἱ
741 1164 896 1255 πρότερον
906 1171 938 1248 ²)
953 1165 1171 1255 ἔξετράιιησαν
1186 1173 1256 1258 τῆς

185 1271 265 1341 ὁδοῦ
280 1276 337 1360 τῆς
356 1271 411 1339 ἐπὶ
423 1273 482 1356 τῆν
496 1273 615 1357 γένεσιν
627 1270 684 1336 καί
701 1270 850 1360 φθοράν,
875 1271 931 1338 καί
947 1268 1028 1348 ὅλαις
1052 1275 1257 1364 μεταβολήν.

185 1374 269 1468 αὕτη
289 1381 351 1467 γαρ
372 1371 413 1446 ν’ἶν
429 1372 568 1466 ὀφθεῖσα
589 1373 610 1462 ἦ
630 1375 729 1466 φύσις
752 1372 882 1444 ἅπασαν
900 1375 1009 1445 ἔλυσεν
1027 1373 1137 1450 αὖταῖν
1162 1384 1257 1452 ταύ-

179 1513 238 1575 την
259 1479 474 1574 τῆναῖγναιαν.
511 1481 806 1568 Ἠμμένοιμὲν
834 1476 907 1551 οὖν
936 1485 1258 1577 ιιαίἓτεροίτι.

180 1599 255 1672 νές
276 1595 355 1665 εἰσιν
377 1589 497 1681 αὐτῆς,
527 1589 598 1659 ἀλλ’
620 1588 682 1676 οὐχ
707 1592 836 1668 ἱκαναῖς·
871 1593 998 1680 πρῶτον
1016 1597 1180 1687 μὲνγὰρ
1215 1596 1282 1664 6.·

182 1704 452 1789 μαλογοῦσιν
474 1697 617 1777 ἁπλαῖς
639 1698 927 1787 γίγνεσθαίτι
947 1701 1000 1765 'lx
1020 1705 1072 1789 μῆ
1095 1692 1258 1791 cirron}

183 1803 433 1901 ᾗΠαρμενίδην
458 1804 565 1898 ὀρθῶς
589 1814 706 1895 λέγειν·
733 1804 800 1875 εἶτα
827 1805 1125 1898 periermeniarum,
1158 1813 1257 1904 εἴπερ

181 1917 269 1985 ἐστὶν
286 1914 416 2006 ιῖριθμῷ
431 1916 510 2003 μία,
532 1916 588 1983 καί
613 1915 797 2001 δυνάμει
821 1915 957 2000 μόνον
978 1917 1082 2000 μίαν
1106 1914 1261 1990 εἶναι.

103 2067 105 2071 ⁷
182 2028 280 2113 ταῦτα
301 2030 337 2093 δὲ
355 2030 502 2116 διαφέρει
517 2033 682 2093 πλεῖστον·
709 2025 799 2113 ἦμεῖς
819 2030 879 2109 μὲν
900 2027 962 2114 γαρ
985 2021 1067 2113 ὕλην
1093 2028 1151 2094 καὶ
1176 2032 1260 2098 oue.

183 2160 277 2226 ρησιν
296 2140 403 2224 ἕτερον
419 2130 500 2203 εἶναι
517 2138 642 2224 φαμέν·
661 2160 690 2199 κ.
704 2160 734 2199 τ.
747 2141 776 2199 λ.
819 2139 918 2200 eonf.
937 2138 977 2203 de
1000 2142 1084 2209 Gen.
1106 2154 1138 2206 et
1151 2144 1257 2210 Corr.

78 2270 83 2292 ¹
183 2250 251 2318 I.1.
277 2268 306 2310 2.
322 2247 465 2332 Metaph.
483 2247 522 2308 X.
537 2270 569 2332 p.
591 2247 662 2326 246.
680 2249 735 2311 Br.
753 2308 756 2313 ,
777 2247 862 2327 Ubi,
885 2248 944 2331 qui
969 2249 1146 2312 laudantur
1171 2253 1256 2314 Par·

185 2359 326 2423 meridia
351 2367 546 2433 sectatores,
568 2356 627 2440 qui
656 2357 901 2441 generationem
933 2358 974 2421 ad
1004 2380 1071 2421 non
1097 2359 1169 2421 Ena
1192 2382 1257 2423 re-

185 2468 314 2546 ferant,
340 2466 577 2550 materiamque
591 2464 687 2527 Entis
713 2464 929 2549 privationem
948 2467 1076 2547 dicant,
1111 2467 1171 2551 qui
1191 2469 1256 2534 (le.

185 2577 288 2660 nique
307 2574 465 2660 ἐνέργειαν
487 2575 692 2638 confundant
714 2597 789 2639 cum
811 2567 962 2658 δυνάμει,
990 2578 1064 2664 quis
1091 2598 1161 2641 uon
1194 2579 1255 2645 vi·

188 2685 270 2762 det,
293 2705 349 2747 eos
367 2683 475 2768 palam
498 2688 567 2746 esse
592 2681 794 2767 Megaricos?

200 2898 206 2905 1
271 2813 353 2876 Eam
365 2821 492 2892 autem,
513 2833 596 2897 quae
615 2811 738 2898 legitur
750 2813 791 2877 da
810 2816 944 2880 (iamet
973 2817 1065 2880 Corr.
1088 2815 1113 2879 l.
1130 2816 1163 2882 8.
1191 2818 1260 2883 ad-

190 2941 303 2985 versus
329 2923 422 3008 illos,
458 2922 517 3007 qui
543 2944 647 2986 vacuo
673 2924 764 3009 priua
793 2924 921 2988 sublato
947 2926 1087 2995 multum
1114 2927 1259 2993 omnino

192 3046 263 3091 asse
279 3049 347 3090 non
365 3051 480 3114 possa,
500 3030 558 3093 sed
582 3051 686 3091 unum
701 3037 847 3110 tantum,
885 3031 1044 3112 doceant,
1078 3054 1258 3118 argumen-

193 3135 374 3221 tationem,
414 3135 456 3199 ad
487 3138 653 3229 Zenonem
673 3134 774 3218 magis
810 3145 845 3198 et
873 3137 1059 3220 Maliacum,
1087 3161 1187 3225 quam
1210 3144 1259 3207 ad

192 3244 375 3328 Megaricos
397 3242 601 3322 refellendos
629 3245 797 3328 pertinere
822 3255 911 3330 puto.
959 3247 1168 3334 Quapropter
1197 3272 1259 3315 ne·

195 3352 278 3421 mini
296 3360 410 3414 auctor
422 3352 501 3429 sim,
530 3361 566 3413 ut
586 3350 643 3431 iis,
667 3373 750 3434 quae
771 3351 815 3413 ibi
834 3353 948 3436 (leco,
979 3361 1068 3443 quod
1093 3381 1199 3424 unum
1220 3371 1259 3427 et

194 3460 367 3523 immotum
385 3458 426 3520 sit
442 3459 629 3519 universum
640 3502 651 3537 ‚
674 3457 899 3542 disputantur,
921 3475 1117 3548 commotus,
1139 3471 1260 3556 Maga.-

197 3567 343 3632 ricorum
361 3568 519 3632 continuo
540 3567 634 3630 iniici
648 3567 850 3657 mentionem
872 3578 1000 3635 statuat.
1041 3577 1160 3641 Paullo
1186 3602 1257 3643 ma·

132 3668 136 3676 ¹
201 3676 353 3743 niiestior
389 3697 441 3741 rea
468 3686 517 3740 est
540 3675 581 3748 ,in
606 3671 751 3764 Metaph'.
774 3680 816 3746 X.
832 3703 864 3768 p.
885 3683 957 3769 ²⁵7·
978 3683 1031 3752 Br.
1073 3679 1196 3750 Καίτοι
1217 3685 1257 3751 ἐν

202 3878 530 3897 m

175 4068 177 4075 ,
237 4008 264 4079 ι)
298 4009 331 4061 In
350 4006 430 4060 libris
448 4004 484 4060 de
503 4023 563 4079 gan.
582 4013 611 4061 et
628 4017 766 4082 corrupt,
785 4014 895 4083 opinor.

228 4128 258 4202 a)
292 4126 328 4185 Id
343 4131 401 4193 eat,
418 4126 539 4183 Eleatae.
