2626 4732
488 400 698 472 -07..

66 594 132 661 qne
163 590 208 635 ne
235 577 360 633 motum
388 568 523 655 quidem
552 590 595 631 ex
622 591 689 632 unu
716 569 751 631 in
779 570 915 632 alterum
941 561 1139 656 regionemss'

64 685 218 751 Tertium
240 680 379 758 deinde,
409 688 447 743 ut
467 680 535 764 ipse
557 679 675 742 Sextus
695 679 740 740 ait
752 724 763 756 ‚
789 679 886 764 plane
908 680 1122 764 sophisticum
1161 730 1166 740 ,

68 805 140 875 est,
170 812 393 875 summumque
414 788 514 851 habet
534 809 609 850 cum
631 789 737 852 Sonitu
758 789 1015 860 similitudinem.
1038 792 1123 855 .So·

69 902 246 993 phistieum
267 902 303 964 id
324 897 455 985 appello
476 904 665 982 propterea,
689 898 779 981 quod
803 897 861 959 illu
880 906 987 960 motus
1003 921 1048 962 ex
1059 923 1124 986 po*

77 1012 155 1076 riori
177 1022 271 1095 parte
294 1019 327 1072 et
347 1020 452 1071 motus
472 1008 637 1068 universae
659 1007 709 1068 rei
730 1005 922 1087 distinctio,
944 1028 1009 1069 non
1030 1010 1128 1072 modo

76 1140 142 1183 uun
167 1115 371 1192 necessaria,
392 1112 466 1193 sed,
488 1121 526 1174 ut
546 1134 659 1174 verum
681 1112 860 1191 fateamur,
892 1132 959 1174 non
987 1115 1049 1178 nisi
1069 1116 1131 1178 So·

72 1229 153 1293 ritue
176 1224 359 1289 inducendi
391 1211 487 1286 ceusu
514 1221 646 1284 inventa
669 1242 738 1285 esse
759 1221 920 1285 videatur.
963 1223 1132 1304 Quamob-

72 1358 147 1401 rem
176 1356 219 1397 ne
249 1332 434 1396 Diodorum
463 1329 597 1415 quidem
618 1329 723 1413 ipsum
744 1330 882 1392 multum
903 1329 933 1394 ei
954 1331 1051 1416 pretii
1072 1341 1133 1394 sta·

74 1445 179 1507 tuisse
199 1442 351 1515 arbitror.
392 1439 483 1521 Quin
499 1438 642 1522 'laqueus
670 1439 778 1523 potius
804 1439 954 1518 videtur,
988 1460 1055 1521 quo
1078 1440 1133 1502 ad-

76 1549 240 1614 versarios
259 1551 352 1633 quusi
375 1548 503 1611 obtorto
525 1546 612 1610 collo
634 1544 668 1606 in
691 1569 781 1610 snam
813 1559 942 1633 raperet
972 1547 1134 1611 sententi-

80 1680 145 1720 ιι.
186 1656 231 1718 At
259 1655 341 1717 illud
371 1675 439 1717 non
469 1661 517 1716 est
546 1651 786 1733 omittendum,
816 1653 996 1717 Diodorum
1027 1655 1062 1715 in
1083 1652 1136 1715 his

82 1786 217 1852 qnoque
237 1765 435 1849 argumentis
455 1763 586 1824 Eleatas
607 1771 755 1825 secutum
778 1764 860 1825 esset
892 1767 982 1844 Quos
1004 1784 1134 1824 omnem

81 1884 208 1939 motum
229 1874 364 1959 negasse
387 1873 462 1936 satis
485 1879 610 1934 constat
632 1874 673 1947 ¹).
715 1870 744 1931 A
766 1870 883 1955 quibus
904 1872 1045 1943 vidimus
1068 1891 1134 1931 non

79 1972 288 2043 abhorruisse
336 1978 509 2040 Euclidem
538 1977 579 2052 2).
645 1976 786 2038 Conficit
832 2000 902 2039 rem
947 1980 1138 2042 Aristoteles

32 2074 34 2079 ⁵
77 2089 178 2173 Phys.
204 2085 303 2153 Auso.
324 2085 383 2151 vl,
414 2106 462 2167 9.,
501 2082 557 2143 ubi
578 2081 720 2144 Zenonis
742 2083 895 2145 adversus
930 2095 1055 2148 motum
1085 2110 1139 2149 ru-

82 2198 190 2262 tiones
210 2193 377 2277 redarguit
410 2201 444 2256 et
470 2187 601 2253 refellit.
643 2191 711 2251 Iam
732 2211 811 2253 vero
841 2192 1046 2257 manifestum
1076 2202 1139 2271 est,

83 2302 269 2368 Diodorum
286 2298 442 2385 *Eleaticis
470 2299 619 2361 adversus
654 2306 778 2359 motum
811 2310 1000 2382 argumenta
1034 2326 1139 2388 paene

83 2398 268 2475 mutuatum
291 2428 372 2477 esse.
412 2410 494 2471 Num
514 2407 651 2493 primam
674 2407 835 2472 eiusmodi
855 2411 1013 2474 rationem
1036 2412 1077 2474 ab
1099 2420 1157 2477 ιο*

83 2520 135 2585 nie
159 2518 309 2583 videmus
341 2515 519 2579 concludi:
553 2516 715 2601 quidquid
749 2527 935 2599 moveatur,
970 2542 1029 2582 suo
1063 2520 1138 2584 loco

83 2624 232 2707 moveri,
252 2647 361 2710 neque
384 2627 468 2689 ulios
490 2627 581 2710 atqui
602 2648 705 2712 quun:
726 2626 836 2689 locum
856 2651 950 2690 suum
963 2652 1031 2694 non
1051 2654 1140 2716 egre·

84 2736 212 2814 dietus,
256 2754 299 2797 ne
327 2736 450 2798 moveri
486 2735 619 2821 quidem
651 2735 797 2800 omnino.
852 2740 998 2802 Zenonis
1027 2749 1136 2801 sutem

40 2926 47 2933 Ι
84 2842 182 2907 tertia
203 2841 286 2904 rutio
306 2843 389 2907 haee
409 2845 544 2929 ponitur
563 2845 605 2907 ab
624 2846 820 2911 Aristoteles
863 2841 976 2928 Ζήνων
1009 2844 1045 2908 δὲ
1074 2869 1137 2908 πα-

43 2942 50 2951 ’
86 2943 308 3036 ραλογῖζεται.
333 2950 363 3012 εἰ
388 2950 450 3035 γάρ
486 2942 551 3033 ἆιί,
580 2971 694 3039 φησιν,
724 2944 839 3039 ἦριμιῖ
857 2952 921 3017 πᾶν
945 2942 968 3037 ἦ
990 2958 1136 3034 κινεῖται,

86 3044 207 3143 &arsi
230 3057 311 3120 κατᾶ
330 3056 369 3121 τό
390 3051 468 3141 ἴσον,
494 3054 577 3146 (ἔστι
599 3053 691 3124 δἰἷιὶ
707 3061 746 3124 ri
762 3059 934 3150 φερόμενον
953 3061 993 3124 ἐν
1010 3060 1062 3149 τῷ
1081 3060 1139 3124 νῦν

86 3162 144 3253 τῷ
165 3166 269 3231 rausi
297 3165 344 3229 τό
374 3161 489 3256 ἴσον)
518 3159 665 3252 ἀκίνητον
693 3170 751 3253 τῆν
779 3170 954 3256 φερομένην
979 3163 1059 3236 εἶναι
1088 3166 1137 3237 ὄϊ.

13 3262 20 3275 ’
86 3268 182 3339 mir.
207 3272 305 3337 τοῦτο
334 3273 370 3336 δέ
390 3274 460 3337 ἐστι
476 3273 615 3354 ψεῦδος.
646 3267 684 3337 οὗ
707 3273 770 3361 γάρ
794 3271 994 3360 σῦγκειταιό
1021 3274 1136 3364 χρόνος

87 3380 126 3446 ἐκ
148 3381 214 3447 τῶν
235 3377 295 3447 miv
318 3369 417 3446 ὄντων
440 3373 633 3468 ἀδιαιρέτων
640 3431 651 3463 ,
683 3374 783 3470 ὥςπερ
805 3377 879 3448 οὔδ’
905 3376 983 3451 ἄλλο
1004 3389 1137 3471 μέγεθος

126 3714 154 3789 t)
170 3715 243 3785 Vide
255 3715 340 3770 modo
355 3710 544 3771 Parmeniden
564 3717 637 3789 apud
655 3718 751 3790 simpl.
772 3718 808 3773 ad
824 3719 905 3774 Arist
920 3704 998 3785 Phys.
1013 3717 1033 3769 f.
1049 3735 1089 3787 ¹9·
1106 3724 1136 3770 et

194 3815 237 3869 δι.
266 3821 296 3868 et
314 3812 438 3867 Brandis.
463 3813 571 3874 Comm.
591 3815 677 3868 Eleat.
700 3817 721 3867 Ι.
741 3832 770 3886 p.
795 3821 854 3873 ιιι.
877 3813 926 3869 ι38
954 3827 1012 3883 seq.
1031 3808 1133 3864 deiude'

194 3908 265 3966 Plut.
301 3906 416 3962 Theuet
449 3925 476 3979 p.
510 3913 568 3966 180.
594 3908 621 3963 d.
648 3908 731 3980 Soph.
760 3927 790 3981 p.
813 3898 874 3978 uin.
894 3926 917 3963 e.
945 3906 1027 3960 Arist.
1058 3907 1132 3962 Coel.

194 4006 244 4058 111.
268 4023 292 4062 1.
311 4002 388 4074 Phys.
410 4002 457 4059 lv.
476 4005 505 4063 6.
528 4004 599 4059 Gen.
622 4009 651 4056 et
670 4004 744 4057 Corr.
763 4008 784 4061 1.
805 4008 830 4062 8.
855 4004 902 4060 all.
998 4010 1000 4015 ’

126 4130 295 4206 s)v.1>1n.
312 4131 398 4206 Soph.
415 4149 444 4203 p.
463 4132 524 4205 249.
542 4148 566 4185 a.
584 4131 705 4186 Parmen
724 4149 752 4204 p.
775 4134 833 4190 156.
851 4149 875 4188 e.
893 4132 954 4205 157.
974 4152 1003 4196 a,
