2626 4732
496 377 703 456 -334

159 549 322 621 Habemus
343 551 443 637 igitur
463 573 623 615 summum
641 551 779 623 Ethieae
799 552 980 637 Megaricae
1002 553 1127 642 princi·

74 660 178 746 pium.
218 662 381 727 Virtutem
403 659 492 722 euim
512 681 611 723 uuum
633 662 674 722 ub
694 660 833 724 Euclide
855 658 955 722 fuisse
976 661 1124 747 positum,

75 787 212 848 eumque
225 760 387 850 φρόνησιν,
407 788 489 849 quse
503 766 630 851 aliquid
643 765 746 829 divini
761 763 843 828 inse
862 765 1005 847 haberet,
1026 776 1126 852 utque

64 875 212 936 scientie
243 874 348 937 solnm
378 882 410 935 et
440 873 626 958 cognitione
659 879 744 934 esset
770 870 1004 955 adipiscenda,
1022 895 1127 957 paene

76 989 210 1043 certum¹
234 981 394 1042 existimo.
449 980 657 1064 Quapropter
686 978 727 1039 nd
748 976 969 1060 cognitionem
1000 979 1034 1039 iu
1058 980 1127 1064 pri·

75 1086 153 1166 mis,
175 1109 258 1172 quse
282 1085 453 1150 dialectice
473 1086 671 1169 acquiritur,
694 1092 805 1168 utpote
828 1106 911 1168 quae
932 1084 1002 1148 solu
1024 1085 1129 1150 scieu-

37 1256 42 1260 ,
73 1196 118 1256 tis
141 1204 188 1263 est
219 1195 279 1256 τοῦ
306 1183 396 1267 ὄντος
413 1197 463 1273 ¹),
499 1203 640 1255 mentem
662 1193 857 1262 advertebat.
899 1195 992 1273 Quae
1020 1204 1129 1285 nutem

72 1302 201 1384 cognitu
217 1300 366 1362 homiues
384 1298 543 1362 heberent
557 1319 632 1360 veru
652 1298 821 1382 iusteque,
845 1321 882 1391 ea
898 1300 1018 1364 deinde
1031 1324 1128 1387 egeu-

73 1408 115 1470 do
139 1410 295 1491 effingere
309 1407 499 1485 debebant,
523 1407 567 1468 itu
594 1416 648 1485 ut,
670 1405 810 1489 quaein
842 1417 951 1470 mente
982 1407 1127 1474 humane

73 1513 232 1575 insideret
260 1513 339 1574 boni
363 1513 512 1575 omnibus
536 1511 680 1573 numeris
706 1507 843 1571 absoluti
867 1501 1015 1595 species,
1055 1517 1126 1583 eius

73 1621 245 1683 veritatem
266 1621 416 1684 universa
437 1621 592 1704 deinceps
613 1619 679 1682 vita
702 1617 918 1687 imitarentur.
947 1619 1032 1688 Inde
1045 1646 1127 1689 con.

73 1737 188 1790 centus
209 1729 341 1825 quidem
361 1729 510 1793 ,omnium
540 1727 625 1792 vine
653 1725 818 1788 actionum
840 1727 1032 1812 exsistebat,
1068 1734 1126 1818 qui

73 1836 123 1896 nil
148 1835 210 1899 uisi
233 1836 357 1896 bouum
379 1844 411 1897 et
432 1834 607 1896 honestum
630 1853 672 1895 ex
692 1851 760 1894 sese
776 1830 926 1916 gigneret
948 1844 980 1898 et
1001 1840 1125 1922 profer-

69 1951 139 2021 ret,
177 1963 355 2026 omnesque
376 1941 526 2004 homiues
552 1949 746 2020 monstrata,
785 1961 883 2024 quum
912 1954 1125 2031 expeterent,

68 2050 150 2113 boni
171 2050 280 2135 specie
303 2049 467 2114 excitaret.
757 2061 761 2067 '

152 2159 278 2222 Verum
305 2159 414 2222 sentio
440 2179 491 2220 me
521 2158 644 2221 incerto
667 2157 874 2224 coniecturae
896 2160 992 2246 sequi
1021 2163 1123 2233 rudus
1225 2158 1228 2163 ’

68 2288 170 2351 quare
191 2268 232 2330 ud
251 2265 425 2330 Euclidem
444 2274 654 2331 revertamur.

447 2434 730 2454 Μ-

154 2561 310 2627 Euelides
332 2562 432 2647 igitur
451 2561 649 2627 Dialectieee
671 2573 747 2628 ante
769 2568 878 2629 omniu
901 2589 1031 2652 opernm
1066 2573 1121 2638 de·

68 2667 126 2734 dit.
172 2664 273 2732 Cuius
303 2666 501 2754 principium
532 2690 550 2730 u
581 2669 772 2734 Parmenide
803 2673 834 2733 ei
863 2677 1018 2742 traditum
1051 2702 1121 2745 esse

67 2776 220 2845 vidimus.
264 2777 361 2860 Quod
382 2797 508 2840 summo
530 2776 637 2840 studio
659 2778 839 2863 amplexus,
864 2782 965 2868 ipsam
988 2788 1029 2851 de
1052 2811 1120 2852 uuo

68 2907 193 2948 summo
214 2884 301 2952 bonu
323 2884 519 2949 sententium
539 2883 660 2967 iccirco
680 2886 724 2948 itu
746 2890 972 2973 pronuntiasse
988 2895 1121 2959 videtur

66 2991 243 3071 Euclides,
287 3001 323 3054 ut
353 2992 462 3056 omnia
490 3014 559 3057 esse
587 3015 690 3069 uuum
718 2993 752 3055 in
783 3018 821 3057 eu
848 2997 1119 3081 potissimumue

67 3100 301 3199 demou'strnret
313 3145 325 3176 ,
363 3099 404 3164 de
424 3121 489 3184 qua
511 3122 623 3165 omnes
644 3100 784 3178 Socratis
806 3101 960 3190 discipuli
982 3092 1120 3174 consen-

68 3209 178 3273 tireut.

148 3314 295 3379 Socrates
318 3335 414 3401 porro
435 3315 541 3378 omnis
571 3312 799 3399 disputationis
828 3315 995 3405 duplicem
1023 3325 1118 3391 inivit

64 3421 152 3487 viem
171 3432 203 3483 et
224 3423 400 3505 rationem,
431 3422 477 3485 itu
497 3431 535 3485 ut
555 3422 744 3509 definitione
772 3435 805 3489 et
829 3409 1019 3494 inductione
1041 3443 1116 3497 ute·

63 3541 163 3598 retur.
209 3532 248 3595 V.
271 3528 404 3598 Aristot.
425 3530 735 3618 metaph.x111.4
747 3556 778 3616 p.
802 3530 872 3596 266.
894 3541 980 3600 eous.
1010 3539 1121 3605 Brun·

28 3693 33 3720 ,
64 3637 176 3705 disV.
198 3640 233 3706 C.
257 3638 296 3704 de
319 3638 406 3705 Socr.
430 3636 533 3702 doctr.
568 3639 602 3699 in
624 3614 708 3706 Mus.
736 3628 841 3709 Rhen.
865 3643 890 3711 1.
911 3667 943 3728 p
965 3647 1023 3724 ι44
1043 3670 1118 3734 sqq.

63 3746 191 3828 Quibus
214 3747 287 3830 quis
307 3736 479 3808 Euclidem
502 3767 597 3809 usum
618 3767 688 3809 esse
711 3746 889 3812 dubitarit?
922 3756 1115 3820 Praesertim

63 3853 120 3939 qui
142 3852 322 3919 Socraticos
341 3875 473 3940 quoque
490 3854 634 3939 dialogos
658 3854 822 3921 ediderit?
842 3890 884 3907 ·-
906 3859 1026 3926 Verum
1045 3884 1113 3930 nou

117 4129 148 4201 ι)
168 4129 235 4184 ens.
253 4128 336 4205 Sept.
353 4147 382 4202 p
401 4129 463 4185 ιιι.
548 4167 575 4186 ..
650 4114 655 4121 ’
