2626 4732
542 362 611 401 u„
618 356 670 422 ,0
711 387 754 403 ,-

120 532 235 604 antur,
260 516 507 587 confirmatione
521 498 625 606 egere
653 540 721 583 non
736 527 739 533 '
753 509 902 587 arbitror.
927 531 931 539 '
955 518 992 583 Si
1018 519 1092 607 quis
1122 538 1189 584 an·

96 622 99 634 ⁴
121 644 188 699 tem
210 628 435 695 auctoritatem
455 638 623 715 praeterea
644 630 837 713 scriptorum
864 628 1049 708 desideret,
1088 631 1187 696 huuc

117 763 253 828 quoque
274 740 394 802 addere
416 759 592 822 possumus.
635 737 725 818 Quid
746 739 855 800 enim?
898 736 960 800 lllu
988 738 1075 824 apud
1104 740 1187 802 Pla·

120 856 233 915 tonem
255 839 351 910 ον’σία
372 857 463 909 extra
477 860 615 910 ‘omnem
637 847 782 933 corporis
803 846 1031 931 contagionem
1052 847 1185 933 posite,

120 978 204 1042 quae
233 963 342 1018 mente
371 953 440 1015 sola
474 954 639 1032 cernitur,
681 976 759 1017 num
789 953 898 1017 differt
930 954 969 1015 ab
997 975 1055 1033 eo,
1084 954 1186 1038 quod

120 1049 316 1130 Aristoclem
345 1061 467 1124 Eleatis
497 1072 531 1124 et
561 1062 734 1147 Megaricis
757 1061 940 1125 adscribere
969 1072 1065 1124 autea
1087 1061 1186 1127 ridi·

119 1195 211 1251 mus,
232 1168 395 1255 principio
417 1169 574 1233 immoto?
616 1169 742 1234 Verum
771 1171 892 1255 optime
914 1169 982 1254 ipse
1013 1170 1108 1233 Pluto
1144 1168 1185 1231 in

119 1277 333 1365 sequentihus
355 1298 425 1339 eam
446 1300 517 1341 rem
538 1268 717 1342 confirmat.
758 1279 838 1342 Nam
858 1277 1052 1357 Euclidem,
1074 1298 1187 1360 quum

121 1394 221 1450 unum
233 1393 358 1448 tantum
371 1386 440 1450 Eus
452 1394 601 1473 poneret,
624 1385 695 1448 eius
718 1383 918 1447 contrarium
939 1374 1188 1463 (intercisivos)

121 1514 188 1556 non
202 1512 270 1556 esse
285 1489 434 1555 docuisse
444 1490 576 1554 seimus.
595 1491 634 1555 Id
651 1485 823 1554 discidium
838 1501 947 1556 nostro
960 1490 1024 1553 hoc
1039 1491 1115 1553 loco
1137 1490 1187 1554 itu

118 1601 321 1678 instituitur,
342 1608 380 1661 ut
401 1589 496 1660 oo'oc'o
515 1621 533 1660 a
550 1597 666 1680 γενέσει
684 1599 833 1661 mutabili
854 1599 985 1685 penitus
1008 1597 1196 1680 disiungaa'

6 1726 9 1732 ·
87 1768 90 1773 ,
116 1707 322 1786 tur1)‚„sd
353 1703 472 1787 γένεσιν
502 1704 635 1787 quidem
664 1686 799 1789 corpore
835 1729 894 1771 noa
922 1705 1086 1792 pertinere
1119 1724 1187 1788 per

117 1807 288 1896 αἴσθησιν,
311 1809 420 1874 animo
441 1829 517 1870 vero
540 1816 574 1870 et
595 1810 813 1894 cogitatione,
834 1811 986 1900 λογισμῷ,
1017 1811 1185 1874 essentiae

53 1988 56 1993 ,
116 1918 291 2006 participes
313 1915 403 1995 fieri,
432 1906 473 1997 ἢν
494 1904 546 1976 det
567 1914 648 1977 κατά
669 1907 773 1978 sadud
797 1909 946 1989 ὥςαύτως
966 1911 1050 1997 ἔχειν
1074 1917 1184 2002 φατέ,

114 2022 235 2107 γένεσιν
261 2009 425 2084 diditione
451 2010 564 2096 ἄλλως.
606 2021 724 2086 Nonne
745 2023 826 2087 haec
854 2024 1049 2086 adverbum
1071 2049 1184 2111 paene

116 2131 332 2194 consentiunt
371 2152 446 2194 curn
487 2130 650 2216 Megarica
693 2131 808 2194 summi
847 2125 926 2195 honi
964 2133 1184 2221 definitione,

115 2257 214 2321 quam
235 2255 373 2319 suprue
402 2236 563 2300 Cicerone
583 2239 615 2314 ²)
647 2239 881 2323 cognovimus?
923 2240 1052 2303 Deinde
1086 2244 1186 2327 quod
1224 2308 1229 2319 ,

116 2343 212 2405 aiunt
241 2341 277 2404 hi
299 2326 506 2429 philosophi,
550 2342 609 2427 τῆν
634 2343 693 2406 τοῦ
713 2339 846 2426 πάσχειν
874 2335 896 2428 ἢ
917 2352 1017 2410 ποιεῖν
1038 2342 1185 2429 δύναμιν

114 2450 150 2513 in
187 2452 432 2536 generationem
468 2452 619 2538 quidem
646 2452 783 2532 cadere,
815 2471 994 2539 numquam
1029 2478 1108 2520 vero
1143 2458 1184 2518 in

118 2559 314 2640 essentiam,
337 2559 372 2622 id
394 2560 500 2644 ipsum
523 2560 564 2622 ad
585 2561 723 2623 eandem
743 2561 830 2624 redit
850 2564 1053 2632 sententiam.
1094 2565 1194 2629 Eam'

114 2689 214 2754 porro
236 2668 395 2730 rationem
417 2668 461 2730 ita
484 2669 602 2732 evertit
622 2670 733 2751 Plato,
765 2678 803 2731 ut
823 2671 981 2734 eiusmodi
1003 2673 1187 2738 essentiam

114 2796 158 2838 ne
180 2775 215 2836 in
244 2775 465 2860 cognitionem
497 2777 628 2861 quidem
654 2785 811 2858 nostram,
841 2801 925 2862 quae
947 2773 1051 2852 πάθος
1070 2783 1187 2864 quod·

116 2881 192 2946 dam
216 2892 305 2946 recte
345 2883 493 2964 dicutur,
534 2884 647 2947 venire
667 2907 759 2970 posse
782 2887 981 2949 demonstret
998 2887 1033 2966 ³).
1076 2890 1188 2959 Addit

115 2990 238 3076 deiude
258 2990 394 3075 hospes:
417 2987 461 3053 Τι’
475 2986 549 3072 δαί,
567 2990 649 3074 πρός
665 2986 743 3066 Διός
753 3017 764 3070 ,·
786 2987 830 3065 ὥς
842 2985 969 3075 ἀληθῶς
983 2989 1104 3076 κίνησιν
1125 3003 1192 3069 καὶ

118 3098 202 3180 ζωήν
223 3096 280 3161 καὶ
299 3099 410 3181 ψυχήν
442 3095 499 3161 καί
517 3094 671 3183 φρόνησιν
689 3089 710 3183 ἦ
726 3094 845 3186 ῥᾳδίως
868 3096 1107 3183 πεισθησόμεθα
1134 3107 1191 3192 τῷ

119 3207 279 3280 παντελῶς
307 3196 374 3270 ὄντι
403 3204 450 3290 μῆ
479 3213 644 3292 παρεῖναι,
671 3208 754 3291 μηδὲ
768 3208 824 3293 ζῇν
838 3202 918 3271 αὐτὸ
933 3209 1015 3293 μηδὲ
1032 3205 1188 3294 φρννεῖν,

115 3305 218 3382 ἀλλὰ
242 3313 397 3395 σεμνᾶν
423 3306 623 3396 καίἅγιον
642 3309 829 3378 sudvodis
849 3312 942 3398 ἔχον
968 3309 1190 3399 ἇκίνητον

113 3413 245 3498 dorcic
280 3415 407 3503 εἶναις
434 3424 559 3487 Eodem
586 3425 682 3488 modo
704 3448 812 3510 neque
838 3427 878 3488 ab
899 3427 970 3505 his,
993 3426 1192 3510 quizomniu

117 3552 246 3618 semper
256 3533 377 3597 moveri
387 3542 540 3616 statuant,
553 3533 731 3617 quidquam
739 3556 832 3619 posse
842 3535 1042 3621 cognoscit).
1051 3534 1191 3603 Deinde

118 3700 320 3730 μ...-

172 3808 200 3879 ι)
218 3809 301 3880 Soph.
317 3828 346 3882 p.
365 3810 427 3880 ²43·
445 3827 470 3862 a.

171 3903 200 3973 a)
219 3903 303 3958 dead.
321 3906 354 3957 11.
373 3904 418 3974 la.

152 3995 301 4068 {Sl-Soph.
321 4017 349 4071 p.
369 4000 433 4069 248.
451 4014 477 4052 ez

174 4088 205 4164 6)
222 4091 305 4165 Soph.
323 4110 351 4166 p.
371 4093 432 4166 ²49·
454 4111 477 4148 c.
496 4092 564 4153 add,
584 4093 685 4165 Cratyl.
703 4111 730 4167 p.
752 4093 816 4165 llo.
833 4095 861 4150 b.
880 4115 905 4158 e,
