<?xml version="1.0" encoding="UTF-8"?>
<!DOCTYPE html PUBLIC "-//W3C//DTD XHTML 1.0 Transitional//EN"
    "http://www.w3.org/TR/xhtml1/DTD/xhtml1-transitional.dtd">
<html xmlns="http://www.w3.org/1999/xhtml" xml:lang="en" lang="en">
 <head>
  <title>
</title>
<meta http-equiv="Content-Type" content="text/html;charset=utf-8" />
  <meta name='ocr-system' content='tesseract 3.04.00' />
  <meta name='ocr-capabilities' content='ocr_page ocr_carea ocr_par ocr_line ocrx_word'/>
</head>
<body>
  <div class='ocr_page' id='page_1' title='image "./demegaricorumdo00deycgoog_0017.png"; bbox 0 0 2626 4732; ppageno 0'>
   <div class='ocr_carea' id='block_1_1' title="bbox 485 344 766 488">
    <p class='ocr_par' dir='ltr' id='par_1_1' title="bbox 485 344 766 488">
     <span class='ocr_line' id='line_1_1' title="bbox 485 344 766 488; baseline -0.004 -30"><span class='ocrx_word' id='word_1_1' title='bbox 485 344 766 488; x_wconf 46' lang='lat' dir='ltr'><strong>far-</strong></span> 
     </span>
    </p>
   </div>
   <div class='ocr_carea' id='block_1_2' title="bbox 125 553 1274 747">
    <p class='ocr_par' dir='ltr' id='par_1_2' title="bbox 125 553 1274 747">
     <span class='ocr_line' id='line_1_2' title="bbox 125 553 1274 650; baseline -0.019 -18"><span class='ocrx_word' id='word_1_2' title='bbox 125 586 245 650; x_wconf 56' lang='lat' dir='ltr'><strong>&lt;neque</strong></span> <span class='ocrx_word' id='word_1_3' title='bbox 258 585 295 627; x_wconf 89' lang='lat' dir='ltr'><strong>ea</strong></span> <span class='ocrx_word' id='word_1_4' title='bbox 305 584 356 626; x_wconf 90' lang='lat' dir='ltr'><strong>res</strong></span> <span class='ocrx_word' id='word_1_5' title='bbox 372 560 412 624; x_wconf 87' lang='lat' dir='ltr'><strong>ab</strong></span> <span class='ocrx_word' id='word_1_6' title='bbox 426 557 495 625; x_wconf 90' lang='lat' dir='ltr'><strong>eius</strong></span> <span class='ocrx_word' id='word_1_7' title='bbox 508 556 643 644; x_wconf 83' lang='lat' dir='ltr'><strong>ingenio</strong></span> <span class='ocrx_word' id='word_1_8' title='bbox 660 553 821 622; x_wconf 81' lang='lat' dir='ltr'><strong>abhorret.</strong></span> <span class='ocrx_word' id='word_1_9' title='bbox 851 554 900 618; x_wconf 91' lang='lat' dir='ltr'><strong>Ita</strong></span> <span class='ocrx_word' id='word_1_10' title='bbox 914 553 1032 620; x_wconf 88' lang='lat' dir='ltr'><strong>Cicero</strong></span> <span class='ocrx_word' id='word_1_11' title='bbox 1053 575 1185 639; x_wconf 88' lang='lat' dir='ltr'><strong>quoque</strong></span> <span class='ocrx_word' id='word_1_12' title='bbox 1266 594 1274 610; x_wconf 86' lang='lat'><strong>.</strong></span> 
     </span>
     <span class='ocr_line' id='line_1_3' title="bbox 133 661 1186 747; baseline -0.014 -10"><span class='ocrx_word' id='word_1_13' title='bbox 133 696 153 737; x_wconf 87' lang='lat' dir='ltr'><strong>a</strong></span> <span class='ocrx_word' id='word_1_14' title='bbox 162 672 272 737; x_wconf 90' lang='lat' dir='ltr'><strong>Stoico</strong></span> <span class='ocrx_word' id='word_1_15' title='bbox 280 670 422 734; x_wconf 92' lang='lat' dir='ltr'><strong>Diodoto</strong></span> <span class='ocrx_word' id='word_1_16' title='bbox 433 669 469 731; x_wconf 91' lang='lat' dir='ltr'><strong>in</strong></span> <span class='ocrx_word' id='word_1_17' title='bbox 481 665 651 731; x_wconf 86' lang='lat' dir='ltr'><strong>dialectica</strong></span> <span class='ocrx_word' id='word_1_18' title='bbox 661 664 886 743; x_wconf 85' lang='lat' dir='ltr'><strong>exercebatur,</strong></span> <span class='ocrx_word' id='word_1_19' title='bbox 905 684 988 746; x_wconf 90' lang='lat' dir='ltr'><strong>quae</strong></span> <span class='ocrx_word' id='word_1_20' title='bbox 999 661 1092 747; x_wconf 89' lang='lat' dir='ltr'><strong>quasi</strong></span> <span class='ocrx_word' id='word_1_21' title='bbox 1104 684 1186 726; x_wconf 90' lang='lat' dir='ltr'><strong>con-</strong></span> 
     </span>
    </p>
   </div>
   <div class='ocr_carea' id='block_1_3' title="bbox 134 772 1287 859">
    <p class='ocr_par' dir='ltr' id='par_1_3' title="bbox 134 772 1287 859">
     <span class='ocr_line' id='line_1_4' title="bbox 134 772 1287 859; baseline -0.006 -19"><span class='ocrx_word' id='word_1_22' title='bbox 134 787 236 843; x_wconf 77' lang='lat' dir='ltr'><strong>tracta</strong></span> <span class='ocrx_word' id='word_1_23' title='bbox 261 787 293 841; x_wconf 90' lang='lat' dir='ltr'><strong>et</strong></span> <span class='ocrx_word' id='word_1_24' title='bbox 313 776 466 841; x_wconf 89' lang='lat' dir='ltr'><strong>adstricta</strong></span> <span class='ocrx_word' id='word_1_25' title='bbox 498 772 687 859; x_wconf 87' lang='lat' dir='ltr'><strong>eloquentia</strong></span> <span class='ocrx_word' id='word_1_26' title='bbox 713 773 859 858; x_wconf 87' lang='lat' dir='ltr'><strong>putanda</strong></span> <span class='ocrx_word' id='word_1_27' title='bbox 880 777 952 853; x_wconf 84' lang='lat' dir='ltr'><strong>est,</strong></span> <span class='ocrx_word' id='word_1_28' title='bbox 975 772 1187 856; x_wconf 88' lang='lat' dir='ltr'><strong>quemadmo·</strong></span> <span class='ocrx_word' id='word_1_29' title='bbox 1282 781 1287 786; x_wconf 85' lang='grc'><em>“</em></span> 
     </span>
    </p>
   </div>
   <div class='ocr_carea' id='block_1_4' title="bbox 124 883 1187 2148">
    <p class='ocr_par' dir='ltr' id='par_1_4' title="bbox 124 883 1187 2148">
     <span class='ocr_line' id='line_1_5' title="bbox 135 883 1187 973; baseline -0.01 -22"><span class='ocrx_word' id='word_1_30' title='bbox 135 889 214 951; x_wconf 90' lang='lat' dir='ltr'><strong>dum</strong></span> <span class='ocrx_word' id='word_1_31' title='bbox 235 888 304 973; x_wconf 88' lang='lat' dir='ltr'><strong>ipse</strong></span> <span class='ocrx_word' id='word_1_32' title='bbox 326 889 370 950; x_wconf 87' lang='lat' dir='ltr'><strong>ait</strong></span> <span class='ocrx_word' id='word_1_33' title='bbox 391 888 427 952; x_wconf 91' lang='lat' dir='ltr'><strong>in</strong></span> <span class='ocrx_word' id='word_1_34' title='bbox 448 889 569 966; x_wconf 87' lang='lat' dir='ltr'><strong>Bruto,</strong></span> <span class='ocrx_word' id='word_1_35' title='bbox 593 907 621 953; x_wconf 87' lang='lat' dir='ltr'><strong>c.</strong></span> <span class='ocrx_word' id='word_1_36' title='bbox 643 907 695 968; x_wconf 85' lang='lat'><strong>90·</strong></span> <span class='ocrx_word' id='word_1_37' title='bbox 738 885 944 966; x_wconf 87' lang='lat' dir='ltr'><strong>Quamquam</strong></span> <span class='ocrx_word' id='word_1_38' title='bbox 972 883 1091 944; x_wconf 89' lang='lat' dir='ltr'><strong>mirum</strong></span> <span class='ocrx_word' id='word_1_39' title='bbox 1119 888 1187 959; x_wconf 83' lang='lat' dir='ltr'><strong>est,</strong></span> 
     </span>
     <span class='ocr_line' id='line_1_6' title="bbox 133 986 1187 1066; baseline -0.006 -11"><span class='ocrx_word' id='word_1_40' title='bbox 133 992 220 1055; x_wconf 88' lang='lat' dir='ltr'><strong>nihil</strong></span> <span class='ocrx_word' id='word_1_41' title='bbox 242 994 402 1058; x_wconf 89' lang='lat' dir='ltr'><strong>eiusmodi</strong></span> <span class='ocrx_word' id='word_1_42' title='bbox 422 1014 484 1057; x_wconf 89' lang='lat' dir='ltr'><strong>nec</strong></span> <span class='ocrx_word' id='word_1_43' title='bbox 497 991 709 1056; x_wconf 85' lang='lat' dir='ltr'><strong>Plutarchum</strong></span> <span class='ocrx_word' id='word_1_44' title='bbox 729 988 765 1049; x_wconf 90' lang='lat' dir='ltr'><strong>in</strong></span> <span class='ocrx_word' id='word_1_45' title='bbox 777 987 1007 1052; x_wconf 87' lang='lat' dir='ltr'><strong>Demosthenis</strong></span> <span class='ocrx_word' id='word_1_46' title='bbox 1026 986 1104 1066; x_wconf 85' lang='lat' dir='ltr'><strong>vita,</strong></span> <span class='ocrx_word' id='word_1_47' title='bbox 1127 1003 1187 1049; x_wconf 85' lang='lat' dir='ltr'><strong>ne·</strong></span> 
     </span>
     <span class='ocr_line' id='line_1_7' title="bbox 132 1085 1187 1187; baseline -0.007 -25"><span class='ocrx_word' id='word_1_48' title='bbox 132 1116 198 1182; x_wconf 85' lang='lat' dir='ltr'><strong>que</strong></span> <span class='ocrx_word' id='word_1_49' title='bbox 228 1101 330 1164; x_wconf 89' lang='lat' dir='ltr'><strong>alium</strong></span> <span class='ocrx_word' id='word_1_50' title='bbox 359 1085 557 1187; x_wconf 84' lang='lat' dir='ltr'><strong>quemquam</strong></span> <span class='ocrx_word' id='word_1_51' title='bbox 589 1102 731 1164; x_wconf 69' lang='lat' dir='ltr'><strong>narraret</strong></span> <span class='ocrx_word' id='word_1_52' title='bbox 780 1097 893 1180; x_wconf 81' lang='lat' dir='ltr'><strong>Longe</strong></span> <span class='ocrx_word' id='word_1_53' title='bbox 927 1095 1082 1158; x_wconf 79' lang='lat' dir='ltr'><strong>certiores</strong></span> <span class='ocrx_word' id='word_1_54' title='bbox 1110 1101 1187 1155; x_wconf 89' lang='lat' dir='ltr'><strong>sunt</strong></span> 
     </span>
     <span class='ocr_line' id='line_1_8' title="bbox 131 1197 1187 1290; baseline -0.005 -19"><span class='ocrx_word' id='word_1_55' title='bbox 131 1207 306 1275; x_wconf 88' lang='lat' dir='ltr'><strong>Eubulidis</strong></span> <span class='ocrx_word' id='word_1_56' title='bbox 328 1233 404 1275; x_wconf 90' lang='lat' dir='ltr'><strong>cum</strong></span> <span class='ocrx_word' id='word_1_57' title='bbox 426 1209 604 1276; x_wconf 89' lang='lat' dir='ltr'><strong>Aristotele</strong></span> <span class='ocrx_word' id='word_1_58' title='bbox 625 1197 827 1270; x_wconf 85' lang='lat' dir='ltr'><strong>inimicitiae.</strong></span> <span class='ocrx_word' id='word_1_59' title='bbox 867 1204 956 1286; x_wconf 89' lang='lat' dir='ltr'><strong>Quid</strong></span> <span class='ocrx_word' id='word_1_60' title='bbox 965 1205 1055 1290; x_wconf 89' lang='lat' dir='ltr'><strong>quod</strong></span> <span class='ocrx_word' id='word_1_61' title='bbox 1068 1204 1187 1267; x_wconf 89' lang='lat' dir='ltr'><strong>librum</strong></span> 
     </span>
     <span class='ocr_line' id='line_1_9' title="bbox 132 1300 1186 1395; baseline -0.004 -18"><span class='ocrx_word' id='word_1_62' title='bbox 132 1316 231 1377; x_wconf 90' lang='lat' dir='ltr'><strong>etiam</strong></span> <span class='ocrx_word' id='word_1_63' title='bbox 251 1300 354 1382; x_wconf 86' lang='lat' dir='ltr'><strong>edidit</strong></span> <span class='ocrx_word' id='word_1_64' title='bbox 375 1318 411 1380; x_wconf 94' lang='lat' dir='ltr'><strong>in</strong></span> <span class='ocrx_word' id='word_1_65' title='bbox 431 1316 640 1381; x_wconf 86' lang='lat' dir='ltr'><strong>Aristotelem</strong></span> <span class='ocrx_word' id='word_1_66' title='bbox 661 1313 868 1380; x_wconf 89' lang='lat' dir='ltr'><strong>contumeliis</strong></span> <span class='ocrx_word' id='word_1_67' title='bbox 887 1315 1062 1377; x_wconf 82' lang='lat' dir='ltr'><strong>refertum?</strong></span> <span class='ocrx_word' id='word_1_68' title='bbox 1091 1312 1186 1395; x_wconf 83' lang='lat' dir='ltr'><strong>Diog.</strong></span> 
     </span>
     <span class='ocr_line' id='line_1_10' title="bbox 129 1421 1184 1511; baseline -0.002 -27"><span class='ocrx_word' id='word_1_69' title='bbox 129 1424 167 1485; x_wconf 91' lang='lat' dir='ltr'><strong>L.</strong></span> <span class='ocrx_word' id='word_1_70' title='bbox 195 1424 238 1491; x_wconf 93' lang='lat' dir='ltr'><strong>II.</strong></span> <span class='ocrx_word' id='word_1_71' title='bbox 264 1445 333 1509; x_wconf 88' lang='lat'><strong>109.</strong></span> <span class='ocrx_word' id='word_1_72' title='bbox 354 1424 399 1493; x_wconf 89' lang='lat' dir='ltr'><strong>ib.</strong></span> <span class='ocrx_word' id='word_1_73' title='bbox 422 1426 553 1511; x_wconf 85' lang='lat' dir='ltr'><strong>Menag.</strong></span> <span class='ocrx_word' id='word_1_74' title='bbox 583 1423 702 1490; x_wconf 86' lang='lat' dir='ltr'><strong>Athen.</strong></span> <span class='ocrx_word' id='word_1_75' title='bbox 731 1424 819 1490; x_wconf 86' lang='lat' dir='ltr'><strong>VIII.</strong></span> <span class='ocrx_word' id='word_1_76' title='bbox 849 1424 897 1490; x_wconf 79' lang='lat'><strong>13.</strong></span> <span class='ocrx_word' id='word_1_77' title='bbox 918 1445 950 1507; x_wconf 82' lang='lat' dir='ltr'><strong>p.</strong></span> <span class='ocrx_word' id='word_1_78' title='bbox 978 1423 1050 1488; x_wconf 69' lang='lat' dir='ltr'><strong>stc.</strong></span> <span class='ocrx_word' id='word_1_79' title='bbox 1090 1421 1184 1483; x_wconf 90' lang='lat' dir='ltr'><strong>Eius·</strong></span> 
     </span>
     <span class='ocr_line' id='line_1_11' title="bbox 129 1528 1183 1615; baseline 0 -23"><span class='ocrx_word' id='word_1_80' title='bbox 129 1529 220 1593; x_wconf 91' lang='lat' dir='ltr'><strong>modi</strong></span> <span class='ocrx_word' id='word_1_81' title='bbox 240 1530 388 1595; x_wconf 83' lang='lat' dir='ltr'><strong>convicia</strong></span> <span class='ocrx_word' id='word_1_82' title='bbox 408 1531 569 1615; x_wconf 85' lang='lat' dir='ltr'><strong>quaedam</strong></span> <span class='ocrx_word' id='word_1_83' title='bbox 589 1533 726 1597; x_wconf 84' lang='lat' dir='ltr'><strong>servarit</strong></span> <span class='ocrx_word' id='word_1_84' title='bbox 747 1530 924 1595; x_wconf 82' lang='lat' dir='ltr'><strong>Aristocles</strong></span> <span class='ocrx_word' id='word_1_85' title='bbox 951 1528 1183 1614; x_wconf 78' lang='lat' dir='ltr'><strong>Peripateticus</strong></span> 
     </span>
     <span class='ocr_line' id='line_1_12' title="bbox 129 1634 1184 1725; baseline 0.002 -29"><span class='ocrx_word' id='word_1_86' title='bbox 129 1635 216 1718; x_wconf 88' lang='lat' dir='ltr'><strong>apud</strong></span> <span class='ocrx_word' id='word_1_87' title='bbox 235 1637 355 1700; x_wconf 86' lang='lat' dir='ltr'><strong>Euseh.</strong></span> <span class='ocrx_word' id='word_1_88' title='bbox 374 1641 410 1707; x_wconf 90' lang='lat' dir='ltr'><strong>P.</strong></span> <span class='ocrx_word' id='word_1_89' title='bbox 431 1641 470 1706; x_wconf 88' lang='lat' dir='ltr'><strong>E.</strong></span> <span class='ocrx_word' id='word_1_90' title='bbox 491 1636 565 1709; x_wconf 90' lang='lat' dir='ltr'><strong>XV.</strong></span> <span class='ocrx_word' id='word_1_91' title='bbox 588 1659 617 1707; x_wconf 83' lang='lat'><strong>2.</strong></span> <span class='ocrx_word' id='word_1_92' title='bbox 637 1662 669 1725; x_wconf 92' lang='lat' dir='ltr'><strong>p.</strong></span> <span class='ocrx_word' id='word_1_93' title='bbox 696 1640 770 1721; x_wconf 74' lang='grc'><strong>474.</strong></span> <span class='ocrx_word' id='word_1_94' title='bbox 789 1640 827 1704; x_wconf 81' lang='lat' dir='ltr'><strong>tt.</strong></span> <span class='ocrx_word' id='word_1_95' title='bbox 846 1635 958 1722; x_wconf 87' lang='lat' dir='ltr'><strong>Steph.</strong></span> <span class='ocrx_word' id='word_1_96' title='bbox 990 1638 1040 1700; x_wconf 90' lang='lat' dir='ltr'><strong>De</strong></span> <span class='ocrx_word' id='word_1_97' title='bbox 1068 1634 1184 1698; x_wconf 87' lang='lat' dir='ltr'><strong>Eubu-</strong></span> 
     </span>
     <span class='ocr_line' id='line_1_13' title="bbox 126 1744 1184 1831; baseline -0.002 -22"><span class='ocrx_word' id='word_1_98' title='bbox 126 1744 205 1809; x_wconf 91' lang='lat' dir='ltr'><strong>lidis</strong></span> <span class='ocrx_word' id='word_1_99' title='bbox 233 1746 300 1809; x_wconf 84' lang='lat' dir='ltr'><strong>rita</strong></span> <span class='ocrx_word' id='word_1_100' title='bbox 327 1746 412 1808; x_wconf 90' lang='lat' dir='ltr'><strong>nihil</strong></span> <span class='ocrx_word' id='word_1_101' title='bbox 441 1747 576 1811; x_wconf 88' lang='lat' dir='ltr'><strong>omnino</strong></span> <span class='ocrx_word' id='word_1_102' title='bbox 609 1757 753 1829; x_wconf 85' lang='lat' dir='ltr'><strong>constat,</strong></span> <span class='ocrx_word' id='word_1_103' title='bbox 788 1768 985 1831; x_wconf 89' lang='lat' dir='ltr'><strong>quamquam</strong></span> <span class='ocrx_word' id='word_1_104' title='bbox 1014 1746 1184 1827; x_wconf 87' lang='lat' dir='ltr'><strong>aequalem</strong></span> 
     </span>
     <span class='ocr_line' id='line_1_14' title="bbox 127 1849 1184 1939; baseline 0.003 -27"><span class='ocrx_word' id='word_1_105' title='bbox 127 1871 204 1913; x_wconf 91' lang='lat' dir='ltr'><strong>eum</strong></span> <span class='ocrx_word' id='word_1_106' title='bbox 225 1849 323 1913; x_wconf 87' lang='lat' dir='ltr'><strong>fuisse</strong></span> <span class='ocrx_word' id='word_1_107' title='bbox 344 1851 529 1933; x_wconf 82' lang='lat' dir='ltr'><strong>Aristoteli,</strong></span> <span class='ocrx_word' id='word_1_108' title='bbox 548 1854 606 1936; x_wconf 90' lang='lat' dir='ltr'><strong>qui</strong></span> <span class='ocrx_word' id='word_1_109' title='bbox 629 1863 789 1916; x_wconf 88' lang='lat' dir='ltr'><strong>natusest</strong></span> <span class='ocrx_word' id='word_1_110' title='bbox 810 1853 864 1920; x_wconf 92' lang='lat' dir='ltr'><strong>Ol.</strong></span> <span class='ocrx_word' id='word_1_111' title='bbox 886 1853 943 1928; x_wconf 88' lang='lat' dir='ltr'><strong>IC,</strong></span> <span class='ocrx_word' id='word_1_112' title='bbox 973 1853 1184 1939; x_wconf 84' lang='lat' dir='ltr'><strong>1.1)proba·</strong></span> 
     </span>
     <span class='ocr_line' id='line_1_15' title="bbox 125 1956 1183 2047; baseline 0.002 -27"><span class='ocrx_word' id='word_1_113' title='bbox 125 1956 194 2020; x_wconf 86' lang='lat' dir='ltr'><strong>bile</strong></span> <span class='ocrx_word' id='word_1_114' title='bbox 224 1967 281 2025; x_wconf 87' lang='lat' dir='ltr'><strong>est.</strong></span> <span class='ocrx_word' id='word_1_115' title='bbox 324 1959 394 2021; x_wconf 84' lang='lat' dir='ltr'><strong>Nec</strong></span> <span class='ocrx_word' id='word_1_116' title='bbox 422 1960 541 2042; x_wconf 79' lang='lat' dir='ltr'><strong>magis,</strong></span> <span class='ocrx_word' id='word_1_117' title='bbox 564 1960 678 2042; x_wconf 90' lang='lat' dir='ltr'><strong>quiin</strong></span> <span class='ocrx_word' id='word_1_118' title='bbox 710 1959 822 2023; x_wconf 87' lang='lat' dir='ltr'><strong>schola</strong></span> <span class='ocrx_word' id='word_1_119' title='bbox 840 1960 1079 2047; x_wconf 82' lang='lat' dir='ltr'><strong>Megaricorum</strong></span> <span class='ocrx_word' id='word_1_120' title='bbox 1106 1980 1183 2024; x_wconf 90' lang='lat' dir='ltr'><strong>eum</strong></span> 
     </span>
     <span class='ocr_line' id='line_1_16' title="bbox 124 2063 788 2148; baseline 0.005 -20"><span class='ocrx_word' id='word_1_121' title='bbox 124 2063 317 2131; x_wconf 78' lang='lat' dir='ltr'><strong>subsecutus</strong></span> <span class='ocrx_word' id='word_1_122' title='bbox 337 2064 401 2140; x_wconf 88' lang='lat' dir='ltr'><strong>sit,</strong></span> <span class='ocrx_word' id='word_1_123' title='bbox 430 2063 599 2148; x_wconf 81' lang='lat' dir='ltr'><strong>cognitum</strong></span> <span class='ocrx_word' id='word_1_124' title='bbox 620 2065 788 2132; x_wconf 89' lang='lat' dir='ltr'><strong>hahemus.</strong></span> 
     </span>
    </p>
   </div>
   <div class='ocr_carea' id='block_1_5' title="bbox 537 2256 763 2326">
    <p class='ocr_par' dir='ltr' id='par_1_5' title="bbox 537 2256 763 2326">
     <span class='ocr_line' id='line_1_17' title="bbox 537 2256 763 2326; baseline 0.035 -8"><span class='ocrx_word' id='word_1_125' title='bbox 537 2256 763 2326; x_wconf 87' lang='lat' dir='ltr'><strong>IGHTHYAS.</strong></span> 
     </span>
    </p>
   </div>
   <div class='ocr_carea' id='block_1_6' title="bbox 87 2372 1180 3936">
    <p class='ocr_par' dir='ltr' id='par_1_6' title="bbox 87 2372 1180 2900">
     <span class='ocr_line' id='line_1_18' title="bbox 214 2372 1179 2477; baseline 0.009 -31"><span class='ocrx_word' id='word_1_126' title='bbox 214 2384 367 2470; x_wconf 76' lang='lat' dir='ltr'><strong>Ichthyas</strong></span> <span class='ocrx_word' id='word_1_127' title='bbox 394 2372 520 2449; x_wconf 81' lang='lat' dir='ltr'><strong>Metalli</strong></span> <span class='ocrx_word' id='word_1_128' title='bbox 538 2389 647 2473; x_wconf 87' lang='lat' dir='ltr'><strong>filius,</strong></span> <span class='ocrx_word' id='word_1_129' title='bbox 669 2390 719 2455; x_wconf 89' lang='lat' dir='ltr'><strong>vir</strong></span> <span class='ocrx_word' id='word_1_130' title='bbox 737 2390 881 2474; x_wconf 86' lang='lat' dir='ltr'><strong>nobilis,</strong></span> <span class='ocrx_word' id='word_1_131' title='bbox 902 2400 940 2456; x_wconf 89' lang='lat' dir='ltr'><strong>ut</strong></span> <span class='ocrx_word' id='word_1_132' title='bbox 960 2391 1006 2455; x_wconf 89' lang='lat' dir='ltr'><strong>ait</strong></span> <span class='ocrx_word' id='word_1_133' title='bbox 1026 2391 1120 2477; x_wconf 84' lang='lat' dir='ltr'><strong>Diog.</strong></span> <span class='ocrx_word' id='word_1_134' title='bbox 1143 2392 1179 2455; x_wconf 89' lang='lat' dir='ltr'><strong>L.</strong></span> 
     </span>
     <span class='ocr_line' id='line_1_19' title="bbox 126 2489 1179 2585; baseline 0.007 -28"><span class='ocrx_word' id='word_1_135' title='bbox 126 2489 172 2557; x_wconf 91' lang='lat' dir='ltr'><strong>II.</strong></span> <span class='ocrx_word' id='word_1_136' title='bbox 204 2509 273 2558; x_wconf 87' lang='lat'><strong>112.</strong></span> <span class='ocrx_word' id='word_1_137' title='bbox 307 2512 349 2554; x_wconf 82' lang='lat' dir='ltr'><strong>ex</strong></span> <span class='ocrx_word' id='word_1_138' title='bbox 383 2492 533 2558; x_wconf 87' lang='lat' dir='ltr'><strong>Euclidis</strong></span> <span class='ocrx_word' id='word_1_139' title='bbox 565 2496 739 2581; x_wconf 88' lang='lat' dir='ltr'><strong>disciplina</strong></span> <span class='ocrx_word' id='word_1_140' title='bbox 773 2499 950 2585; x_wconf 76' lang='lat' dir='ltr'><strong>prodIerat.</strong></span> <span class='ocrx_word' id='word_1_141' title='bbox 1005 2498 1121 2564; x_wconf 87' lang='lat' dir='ltr'><strong>Suidas</strong></span> <span class='ocrx_word' id='word_1_142' title='bbox 1148 2521 1179 2565; x_wconf 88' lang='lat' dir='ltr'><strong>v.</strong></span> 
     </span>
     <span class='ocr_line' id='line_1_20' title="bbox 87 2588 1180 2692; baseline 0.011 -31"><span class='ocrx_word' id='word_1_143' title='bbox 87 2636 90 2640; x_wconf 25' lang='grc' dir='ltr'><strong><em>ι</em></strong></span> <span class='ocrx_word' id='word_1_144' title='bbox 128 2588 303 2680; x_wconf 75' lang='grc' dir='ltr'><strong>Εὗκλείὸης</strong></span> <span class='ocrx_word' id='word_1_145' title='bbox 323 2598 423 2681; x_wconf 91' lang='lat' dir='ltr'><strong>dicit,</strong></span> <span class='ocrx_word' id='word_1_146' title='bbox 446 2623 521 2665; x_wconf 91' lang='lat' dir='ltr'><strong>eum</strong></span> <span class='ocrx_word' id='word_1_147' title='bbox 549 2603 679 2669; x_wconf 89' lang='lat' dir='ltr'><strong>scholae</strong></span> <span class='ocrx_word' id='word_1_148' title='bbox 704 2606 883 2691; x_wconf 84' lang='lat' dir='ltr'><strong>praefuisse</strong></span> <span class='ocrx_word' id='word_1_149' title='bbox 903 2615 978 2692; x_wconf 90' lang='lat' dir='ltr'><strong>post</strong></span> <span class='ocrx_word' id='word_1_150' title='bbox 994 2602 1180 2673; x_wconf 79' lang='lat' dir='ltr'><strong>Euclidem.</strong></span> 
     </span>
     <span class='ocr_line' id='line_1_21' title="bbox 125 2707 1180 2801; baseline 0.009 -33"><span class='ocrx_word' id='word_1_151' title='bbox 125 2707 223 2787; x_wconf 87' lang='lat' dir='ltr'><strong>Quae</strong></span> <span class='ocrx_word' id='word_1_152' title='bbox 243 2716 353 2773; x_wconf 85' lang='lat' dir='ltr'><strong>tamen</strong></span> <span class='ocrx_word' id='word_1_153' title='bbox 370 2730 422 2773; x_wconf 92' lang='lat' dir='ltr'><strong>res</strong></span> <span class='ocrx_word' id='word_1_154' title='bbox 438 2710 562 2774; x_wconf 89' lang='lat' dir='ltr'><strong>incerta</strong></span> <span class='ocrx_word' id='word_1_155' title='bbox 576 2722 633 2781; x_wconf 86' lang='lat' dir='ltr'><strong>cst.</strong></span> <span class='ocrx_word' id='word_1_156' title='bbox 674 2715 801 2778; x_wconf 85' lang='lat' dir='ltr'><strong>Mentio</strong></span> <span class='ocrx_word' id='word_1_157' title='bbox 814 2716 885 2780; x_wconf 88' lang='lat' dir='ltr'><strong>eius</strong></span> <span class='ocrx_word' id='word_1_158' title='bbox 905 2717 943 2779; x_wconf 82' lang='lat' dir='ltr'><strong>fis</strong></span> <span class='ocrx_word' id='word_1_159' title='bbox 962 2715 1051 2801; x_wconf 86' lang='lat' dir='ltr'><strong>apud</strong></span> <span class='ocrx_word' id='word_1_160' title='bbox 1059 2713 1180 2778; x_wconf 85' lang='lat' dir='ltr'><strong>Athen.</strong></span> 
     </span>
     <span class='ocr_line' id='line_1_22' title="bbox 125 2813 515 2900; baseline 0.013 -19"><span class='ocrx_word' id='word_1_161' title='bbox 125 2813 222 2881; x_wconf 84' lang='lat' dir='ltr'><strong>VIII.</strong></span> <span class='ocrx_word' id='word_1_162' title='bbox 241 2817 272 2880; x_wconf 85' lang='lat'><strong>3.</strong></span> <span class='ocrx_word' id='word_1_163' title='bbox 293 2836 325 2900; x_wconf 85' lang='lat' dir='ltr'><strong>p.</strong></span> <span class='ocrx_word' id='word_1_164' title='bbox 347 2815 420 2882; x_wconf 75' lang='lat'><strong>335.</strong></span> <span class='ocrx_word' id='word_1_165' title='bbox 442 2819 515 2886; x_wconf 87' lang='lat' dir='ltr'><strong>Cas.</strong></span> 
     </span>
    </p>

    <p class='ocr_par' dir='ltr' id='par_1_7' title="bbox 123 2921 1180 3452">
     <span class='ocr_line' id='line_1_23' title="bbox 209 2921 1179 3016; baseline 0.015 -33"><span class='ocrx_word' id='word_1_166' title='bbox 209 2921 295 2984; x_wconf 90' lang='lat' dir='ltr'><strong>Huic</strong></span> <span class='ocrx_word' id='word_1_167' title='bbox 325 2922 539 3010; x_wconf 81' lang='lat' dir='ltr'><strong>adlungamus</strong></span> <span class='ocrx_word' id='word_1_168' title='bbox 569 2931 671 3016; x_wconf 90' lang='lat' dir='ltr'><strong>ipsius</strong></span> <span class='ocrx_word' id='word_1_169' title='bbox 700 2932 893 2999; x_wconf 84' lang='lat' dir='ltr'><strong>familiarem</strong></span> <span class='ocrx_word' id='word_1_170' title='bbox 914 2936 1179 2999; x_wconf 79' lang='lat' dir='ltr'><strong>Taassrnacausr</strong></span> 
     </span>
     <span class='ocr_line' id='line_1_24' title="bbox 125 3028 1180 3133; baseline 0.016 -44"><span class='ocrx_word' id='word_1_171' title='bbox 125 3028 337 3095; x_wconf 87' lang='lat' dir='ltr'><strong>Corinthium</strong></span> <span class='ocrx_word' id='word_1_172' title='bbox 356 3036 407 3117; x_wconf 82' lang='lat'><strong>²),</strong></span> <span class='ocrx_word' id='word_1_173' title='bbox 429 3060 528 3122; x_wconf 91' lang='lat' dir='ltr'><strong>quem</strong></span> <span class='ocrx_word' id='word_1_174' title='bbox 542 3040 699 3132; x_wconf 77' lang='lat' dir='ltr'><strong>stilponis</strong></span> <span class='ocrx_word' id='word_1_175' title='bbox 721 3041 888 3107; x_wconf 90' lang='lat' dir='ltr'><strong>doctorem</strong></span> <span class='ocrx_word' id='word_1_176' title='bbox 907 3045 1031 3123; x_wconf 84' lang='lat' dir='ltr'><strong>ferunt,</strong></span> <span class='ocrx_word' id='word_1_177' title='bbox 1053 3051 1087 3107; x_wconf 85' lang='lat' dir='ltr'><strong>et</strong></span> <span class='ocrx_word' id='word_1_178' title='bbox 1101 3045 1180 3133; x_wconf 63' lang='lat' dir='ltr'><strong>(lur-</strong></span> 
     </span>
     <span class='ocr_line' id='line_1_25' title="bbox 125 3141 1178 3235; baseline 0.015 -36"><span class='ocrx_word' id='word_1_179' title='bbox 125 3156 306 3202; x_wconf 80' lang='lat' dir='ltr'><strong>nouscuuu</strong></span> <span class='ocrx_word' id='word_1_180' title='bbox 328 3141 510 3228; x_wconf 88' lang='lat' dir='ltr'><strong>Thurium,</strong></span> <span class='ocrx_word' id='word_1_181' title='bbox 531 3148 589 3233; x_wconf 89' lang='lat' dir='ltr'><strong>qui</strong></span> <span class='ocrx_word' id='word_1_182' title='bbox 609 3150 733 3234; x_wconf 91' lang='lat' dir='ltr'><strong>primus</strong></span> <span class='ocrx_word' id='word_1_183' title='bbox 754 3151 795 3214; x_wconf 90' lang='lat' dir='ltr'><strong>de</strong></span> <span class='ocrx_word' id='word_1_184' title='bbox 817 3152 1012 3235; x_wconf 88' lang='lat' dir='ltr'><strong>praedicatis</strong></span> <span class='ocrx_word' id='word_1_185' title='bbox 1036 3162 1070 3217; x_wconf 91' lang='lat' dir='ltr'><strong>et</strong></span> <span class='ocrx_word' id='word_1_186' title='bbox 1090 3152 1178 3215; x_wconf 85' lang='lat' dir='ltr'><strong>axio·</strong></span> 
     </span>
     <span class='ocr_line' id='line_1_26' title="bbox 124 3236 1178 3346; baseline 0.012 -41"><span class='ocrx_word' id='word_1_187' title='bbox 124 3244 218 3308; x_wconf 89' lang='lat' dir='ltr'><strong>matis</strong></span> <span class='ocrx_word' id='word_1_188' title='bbox 239 3249 376 3335; x_wconf 88' lang='lat' dir='ltr'><strong>scripsit.</strong></span> <span class='ocrx_word' id='word_1_189' title='bbox 420 3253 515 3339; x_wconf 85' lang='lat' dir='ltr'><strong>Diog.</strong></span> <span class='ocrx_word' id='word_1_190' title='bbox 535 3257 572 3319; x_wconf 88' lang='lat' dir='ltr'><strong>L.</strong></span> <span class='ocrx_word' id='word_1_191' title='bbox 592 3255 633 3324; x_wconf 90' lang='lat'><strong>11.</strong></span> <span class='ocrx_word' id='word_1_192' title='bbox 651 3276 719 3320; x_wconf 79' lang='lat'><strong>112.</strong></span> <span class='ocrx_word' id='word_1_193' title='bbox 760 3236 841 3321; x_wconf 80' lang='lat' dir='ltr'><strong>Eius</strong></span> <span class='ocrx_word' id='word_1_194' title='bbox 856 3280 956 3344; x_wconf 87' lang='lat' dir='ltr'><strong>porro</strong></span> <span class='ocrx_word' id='word_1_195' title='bbox 977 3259 1178 3346; x_wconf 91' lang='lat' dir='ltr'><strong>discipulum</strong></span> 
     </span>
     <span class='ocr_line' id='line_1_27' title="bbox 123 3351 1178 3452; baseline 0.016 -40"><span class='ocrx_word' id='word_1_196' title='bbox 123 3351 297 3416; x_wconf 74' lang='lat' dir='ltr'><strong>Bassorum</strong></span> <span class='ocrx_word' id='word_1_197' title='bbox 310 3357 469 3446; x_wconf 87' lang='lat' dir='ltr'><strong>Stilponis</strong></span> <span class='ocrx_word' id='word_1_198' title='bbox 488 3362 596 3427; x_wconf 88' lang='lat' dir='ltr'><strong>filium</strong></span> <span class='ocrx_word' id='word_1_199' title='bbox 615 3363 740 3431; x_wconf 85' lang='lat' dir='ltr'><strong>audivit</strong></span> <span class='ocrx_word' id='word_1_200' title='bbox 758 3365 885 3452; x_wconf 84' lang='lat' dir='ltr'><strong>Pyrrho</strong></span> <span class='ocrx_word' id='word_1_201' title='bbox 897 3368 941 3446; x_wconf 79' lang='lat'><strong>³).</strong></span> <span class='ocrx_word' id='word_1_202' title='bbox 971 3367 1083 3452; x_wconf 86' lang='lat' dir='ltr'><strong>Quem</strong></span> <span class='ocrx_word' id='word_1_203' title='bbox 1100 3387 1178 3431; x_wconf 89' lang='lat' dir='ltr'><strong>cou-</strong></span> 
     </span>
    </p>

    <p class='ocr_par' dir='ltr' id='par_1_8' title="bbox 179 3565 1174 3836">
     <span class='ocr_line' id='line_1_28' title="bbox 179 3565 1173 3647; baseline 0.008 -25"><span class='ocrx_word' id='word_1_204' title='bbox 179 3565 209 3638; x_wconf 86' lang='lat' dir='ltr'><strong>r)</strong></span> <span class='ocrx_word' id='word_1_205' title='bbox 228 3567 309 3640; x_wconf 81' lang='lat' dir='ltr'><strong>Diog.</strong></span> <span class='ocrx_word' id='word_1_206' title='bbox 327 3569 358 3625; x_wconf 84' lang='grc' dir='ltr'><strong>Ι..</strong></span> <span class='ocrx_word' id='word_1_207' title='bbox 378 3570 413 3631; x_wconf 84' lang='lat' dir='ltr'><strong>V.</strong></span> <span class='ocrx_word' id='word_1_208' title='bbox 430 3591 458 3644; x_wconf 86' lang='lat'><strong>9.</strong></span> <span class='ocrx_word' id='word_1_209' title='bbox 492 3571 591 3647; x_wconf 87' lang='lat' dir='ltr'><strong>Neque</strong></span> <span class='ocrx_word' id='word_1_210' title='bbox 607 3591 672 3632; x_wconf 86' lang='lat' dir='ltr'><strong>vero</strong></span> <span class='ocrx_word' id='word_1_211' title='bbox 689 3575 811 3632; x_wconf 85' lang='lat' dir='ltr'><strong>alienum</strong></span> <span class='ocrx_word' id='word_1_212' title='bbox 836 3574 1004 3635; x_wconf 89' lang='lat' dir='ltr'><strong>Eubulidem</strong></span> <span class='ocrx_word' id='word_1_213' title='bbox 1028 3575 1121 3630; x_wconf 80' lang='lat' dir='ltr'><strong>fuisse</strong></span> <span class='ocrx_word' id='word_1_214' title='bbox 1139 3576 1173 3630; x_wconf 89' lang='lat' dir='ltr'><strong>ab</strong></span> 
     </span>
     <span class='ocr_line' id='line_1_29' title="bbox 231 3663 1174 3745; baseline 0.012 -30"><span class='ocrx_word' id='word_1_215' title='bbox 231 3663 446 3735; x_wconf 77' lang='lat' dir='ltr'><strong>elegantioribus</strong></span> <span class='ocrx_word' id='word_1_216' title='bbox 466 3665 581 3734; x_wconf 86' lang='lat' dir='ltr'><strong>litteris,</strong></span> <span class='ocrx_word' id='word_1_217' title='bbox 598 3669 663 3734; x_wconf 89' lang='lat' dir='ltr'><strong>duo,</strong></span> <span class='ocrx_word' id='word_1_218' title='bbox 683 3690 751 3745; x_wconf 88' lang='lat' dir='ltr'><strong>quos</strong></span> <span class='ocrx_word' id='word_1_219' title='bbox 771 3671 870 3726; x_wconf 81' lang='lat' dir='ltr'><strong>Athen.</strong></span> <span class='ocrx_word' id='word_1_220' title='bbox 892 3672 925 3727; x_wconf 84' lang='lat' dir='ltr'><strong>X.</strong></span> <span class='ocrx_word' id='word_1_221' title='bbox 947 3689 986 3726; x_wconf 87' lang='lat' dir='ltr'><strong>ro.</strong></span> <span class='ocrx_word' id='word_1_222' title='bbox 999 3669 1098 3744; x_wconf 67' lang='lat' dir='ltr'><strong>p-lssp.</strong></span> <span class='ocrx_word' id='word_1_223' title='bbox 1114 3687 1138 3726; x_wconf 90' lang='lat' dir='ltr'><strong>e.</strong></span> <span class='ocrx_word' id='word_1_224' title='bbox 1158 3689 1174 3726; x_wconf 89' lang='lat' dir='ltr'><strong>e</strong></span> 
     </span>
     <span class='ocr_line' id='line_1_30' title="bbox 229 3757 1060 3836; baseline 0.008 -27"><span class='ocrx_word' id='word_1_225' title='bbox 229 3757 352 3814; x_wconf 84' lang='lat' dir='ltr'><strong>dramate</strong></span> <span class='ocrx_word' id='word_1_226' title='bbox 370 3761 440 3825; x_wconf 85' lang='lat' dir='ltr'><strong>eius,</strong></span> <span class='ocrx_word' id='word_1_227' title='bbox 458 3763 642 3836; x_wconf 80' lang='grc' dir='ltr'><strong><em>Κωμασταῖς,</em></strong></span> <span class='ocrx_word' id='word_1_228' title='bbox 661 3767 767 3834; x_wconf 82' lang='lat' dir='ltr'><strong>laudat,</strong></span> <span class='ocrx_word' id='word_1_229' title='bbox 786 3784 877 3825; x_wconf 84' lang='lat' dir='ltr'><strong>versus</strong></span> <span class='ocrx_word' id='word_1_230' title='bbox 893 3762 1060 3821; x_wconf 77' lang='lat' dir='ltr'><strong>ostenduntz</strong></span> 
     </span>
    </p>

    <p class='ocr_par' dir='ltr' id='par_1_9' title="bbox 359 3856 901 3936">
     <span class='ocr_line' id='line_1_31' title="bbox 359 3856 901 3936; baseline 0.015 -28"><span class='ocrx_word' id='word_1_231' title='bbox 359 3859 516 3927; x_wconf 70' lang='grc' dir='ltr'><strong>σοφιστιᾷς</strong></span> <span class='ocrx_word' id='word_1_232' title='bbox 534 3856 670 3928; x_wconf 74' lang='grc' dir='ltr'><strong><em>κάκιστε,</em></strong></span> <span class='ocrx_word' id='word_1_233' title='bbox 689 3866 738 3917; x_wconf 82' lang='grc' dir='ltr'><strong>καὶ</strong></span> <span class='ocrx_word' id='word_1_234' title='bbox 755 3865 835 3935; x_wconf 74' lang='grc' dir='ltr'><strong>χοῶν</strong></span> <span class='ocrx_word' id='word_1_235' title='bbox 852 3861 901 3936; x_wconf 64' lang='grc' dir='ltr'><strong>δὲῃ</strong></span> 
     </span>
    </p>
   </div>
   <div class='ocr_carea' id='block_1_7' title="bbox 145 3952 1047 4111">
    <p class='ocr_par' dir='ltr' id='par_1_10' title="bbox 145 3952 1047 4111">
     <span class='ocr_line' id='line_1_32' title="bbox 359 3952 1047 4035; baseline 0.023 -32"><span class='ocrx_word' id='word_1_236' title='bbox 359 3952 418 4006; x_wconf 76' lang='grc' dir='ltr'><strong>τῶν</strong></span> <span class='ocrx_word' id='word_1_237' title='bbox 432 3952 646 4035; x_wconf 65' lang='grc' dir='ltr'><strong>μισθοδώρων,</strong></span> <span class='ocrx_word' id='word_1_238' title='bbox 663 3956 717 4013; x_wconf 69' lang='grc' dir='ltr'><strong>οὐκ</strong></span> <span class='ocrx_word' id='word_1_239' title='bbox 732 3957 878 4018; x_wconf 68' lang='grc' dir='ltr'><strong>ἀδείπνων</strong></span> <span class='ocrx_word' id='word_1_240' title='bbox 894 3959 927 4018; x_wconf 70' lang='grc' dir='ltr'><strong>ἐν</strong></span> <span class='ocrx_word' id='word_1_241' title='bbox 943 3961 1047 4034; x_wconf 76' lang='grc' dir='ltr'><strong>τρυφῇ.</strong></span> 
     </span>
     <span class='ocr_line' id='line_1_33' title="bbox 145 4033 542 4111; baseline 0.02 -16"><span class='ocrx_word' id='word_1_242' title='bbox 145 4033 209 4102; x_wconf 63' lang='lat' dir='ltr'><strong>a2)</strong></span> <span class='ocrx_word' id='word_1_243' title='bbox 229 4038 308 4111; x_wconf 83' lang='lat' dir='ltr'><strong>Diog.</strong></span> <span class='ocrx_word' id='word_1_244' title='bbox 332 4044 366 4102; x_wconf 82' lang='lat' dir='ltr'><strong>L.</strong></span> <span class='ocrx_word' id='word_1_245' title='bbox 385 4048 418 4100; x_wconf 87' lang='lat'><strong>11.</strong></span> <span class='ocrx_word' id='word_1_246' title='bbox 441 4052 510 4108; x_wconf 75' lang='lat'><strong>113..</strong></span> <span class='ocrx_word' id='word_1_247' title='bbox 535 4059 542 4069; x_wconf 78' lang='grc'><strong>“</strong></span> 
     </span>
    </p>
   </div>
   <div class='ocr_carea' id='block_1_8' title="bbox 186 4133 1117 4244">
    <p class='ocr_par' dir='ltr' id='par_1_11' title="bbox 186 4133 1117 4244">
     <span class='ocr_line' id='line_1_34' title="bbox 186 4133 1117 4244; baseline -0.001 -39"><span class='ocrx_word' id='word_1_248' title='bbox 186 4133 215 4205; x_wconf 71' lang='lat'><strong>³)</strong></span> <span class='ocrx_word' id='word_1_249' title='bbox 233 4133 308 4194; x_wconf 66' lang='lat' dir='ltr'><strong>Sui‘l·</strong></span> <span class='ocrx_word' id='word_1_250' title='bbox 331 4157 356 4205; x_wconf 79' lang='lat' dir='ltr'><strong>t·</strong></span> <span class='ocrx_word' id='word_1_251' title='bbox 373 4141 514 4221; x_wconf 65' lang='lat' dir='ltr'><strong>Ilddp‘om</strong></span> <span class='ocrx_word' id='word_1_252' title='bbox 548 4147 628 4223; x_wconf 80' lang='lat' dir='ltr'><strong>Dio&#39;g.</strong></span> <span class='ocrx_word' id='word_1_253' title='bbox 646 4149 679 4216; x_wconf 82' lang='lat' dir='ltr'><strong>L.</strong></span> <span class='ocrx_word' id='word_1_254' title='bbox 701 4150 747 4212; x_wconf 78' lang='lat' dir='ltr'><strong>IV·</strong></span> <span class='ocrx_word' id='word_1_255' title='bbox 765 4152 813 4217; x_wconf 82' lang='lat'><strong>61.</strong></span> <span class='ocrx_word' id='word_1_256' title='bbox 831 4168 867 4211; x_wconf 73' lang='lat' dir='ltr'><strong>ca</strong></span> <span class='ocrx_word' id='word_1_257' title='bbox 885 4151 993 4226; x_wconf 77' lang='lat' dir='ltr'><strong>Menag.</strong></span> <span class='ocrx_word' id='word_1_258' title='bbox 1010 4149 1117 4244; x_wconf 78' lang='lat' dir='ltr'><strong>emend.</strong></span> 
     </span>
    </p>
   </div>
   <div class='ocr_carea' id='block_1_9' title="bbox 0 0 1318 4732">
    <p class='ocr_par' dir='ltr' id='par_1_12' title="bbox 0 0 1318 4732">
     <span class='ocr_line' id='line_1_35' title="bbox 0 0 1318 4732; baseline 0 5"><span class='ocrx_word' id='word_1_259' title='bbox 0 0 1318 4732; x_wconf 95' lang='lat' dir='ltr'><strong> </strong></span> 
     </span>
    </p>
   </div>
  </div>
 </body>
</html>
