2626 4732
600 359 814 469 ‘³⁰7‘

90 568 94 580 ‹
181 526 398 617 Quamobrem
420 545 493 589 eum
513 524 667 590 virtutem
689 526 725 587 in
746 524 880 586 scientia
908 524 1073 608 posuisse,
1096 530 1239 595 malum-

73 649 76 655 '
178 659 244 722 que
265 639 301 697 in
321 636 405 700 recti
426 632 626 719 ignorantia,
649 631 785 696 coniicit
804 631 950 700 Brundis.
969 633 1010 696 de
1026 635 1115 705 Socr.
1130 637 1237 703 doctr.

176 768 209 830 p.
245 746 314 822 145.
355 743 554 807 Posteriores
585 764 716 826 quoque
739 740 841 805 Stoici
860 741 981 825 primas
1002 742 1037 804 in
1058 743 1238 813 virtutibus

177 854 370 916 tribuebant
404 845 556 936 φρονήσει
577 851 694 935 (Diog.
716 851 752 914 L.
775 850 851 913 Vll.
865 860 961 934 90.)‚
983 852 1236 938 Apollophanes

178 962 261 1024 adeo
283 982 355 1023 eam
382 959 483 1023 solam
509 980 579 1030 esse
603 959 757 1022 virtutem
776 959 871 1024 dixit.
896 959 992 1045 Diog.
1011 962 1049 1024 L.
1073 963 1149 1033 vll.
1179 984 1236 1048 29.

176 1068 337 1131 Similiter
348 1068 478 1130 Ariston
489 1076 521 1129 et
532 1067 600 1128 alii.
621 1066 787 1131 Plutarch.
798 1068 877 1152 Rep.
889 1066 988 1135 Stoic.
1001 1091 1032 1150 7.
1051 1093 1083 1154 p.
1096 1072 1167 1140 215.
1190 1072 1238 1136 do

177 1197 293 1245 comm.
311 1177 406 1244 notit.
423 1177 495 1240 adv.
512 1176 612 1241 Stoic.
629 1176 674 1241 16.
691 1198 722 1259 p.
740 1177 798 1240 351
815 1199 864 1261 sq.
885 1177 960 1242 Vol.
982 1179 1023 1246 V.
1042 1200 1068 1248 r.
1085 1182 1191 1266 Wytt.

260 1286 404 1368 Apparet
442 1284 561 1368 igitur,
599 1285 697 1369 plane
736 1284 878 1347 Socratis
909 1307 928 1348 e
958 1296 1067 1350 mente
1105 1288 1238 1353 bonum

176 1392 263 1456 illud
284 1416 386 1456 unum
404 1392 578 1455 Euclidem
597 1388 776 1484 appellasse
798 1387 963 1478 φρόνησιν.
1004 1396 1111 1460 Multo
1140 1399 1238 1461 diffi-

175 1501 271 1564 cilius
293 1511 352 1580 est,
375 1503 465 1584 qnod
486 1501 573 1563 illud
588 1503 692 1562 Deum
705 1502 803 1564 etiam
824 1504 944 1569 dixisse
965 1505 1081 1570 fertur.
1110 1507 1237 1591 Inquo

174 1619 231 1672 aut
257 1610 386 1673 Eleates
412 1621 508 1694 atque
525 1607 769 1672 'Parmenidem
797 1612 836 1675 in
864 1611 990 1698 primis¹
1006 1623 1137 1677 secutus
1159 1636 1236 1679 esse

151 1785 153 1789 ,
172 1716 325 1796 videtur,
355 1718 413 1801 qui
438 1718 472 1779 ἓν
492 1740 587 1781 suum
602 1705 638 1779 ὅν
651 1718 758 1779 Deum
778 1739 909 1802 quoque
923 1721 1175 1797 nominaverunt
1187 1728 1234 1806 1),

174 1836 231 1887 aut
251 1825 444 1910 prudentiae
466 1827 535 1908 illi,
556 1848 640 1911 quae
660 1848 719 1910 per
740 1849 774 1889 se
792 1829 924 1912 solaque
944 1830 1032 1893 bona
1053 1840 1122 1910 est,
1144 1831 1232 1894 divi-

172 1953 248 1994 nam
268 1932 432 2019 quandam
463 1932 531 1997 vim
560 1933 667 1995 inesse
696 1931 866 1997 arbitratus
889 1943 947 2003 est,
988 1937 1104 2019 Neque
1127 1936 1233 2021 magis

41 2051 45 2056 ’
169 2046 270 2125 patet,
290 2060 351 2102 cur
371 2041 485 2101 mentis
509 2038 642 2103 nomine
657 2060 761 2101 unum
781 2039 866 2102 illud
886 2043 1095 2126 nuncuparit.
1138 2042 1233 2106 Νοῦν

171 2146 260 2209 enim
281 2147 568 2231 upudSocraticos
603 2148 742 2235 duplici
760 2149 857 2210 modo
880 2146 1088 2232 interpretari
1108 2171 1231 2232 possu-

169 2277 252 2322 mus.
306 2257 454 2322 Primum
491 2257 624 2341 quidem
660 2259 694 2318 in
731 2257 864 2320 homine
898 2278 990 2320 meus
1022 2268 1071 2321 est
1101 2281 1230 2322 summa

170 2365 335 2451 cogitandi
356 2373 453 2448 atque
478 2364 687 2447 intelligendi
708 2364 755 2427 vis
777 2373 811 2427 et
839 2365 994 2445 facultas,
1027 2375 1229 2450 quapropter

167 2498 187 2537 a
208 2477 344 2540 Platone
365 2474 567 2558 reliquisque
589 2474 762 2538 Socraticis
783 2473 978 2558 praestantia
999 2472 1068 2536 elus
1091 2475 1227 2539 summis

166 2605 261 2670 saepe
284 2582 435 2646 laudibus
461 2583 606 2650 effertur.
648 2584 690 2645 At
711 2582 824 2646 divina
845 2604 978 2666 quoque
992 2580 1225 2662 intelligentia,

167 2715 250 2778 quae
278 2693 438 2753 mundum
469 2690 554 2775 regit
575 2712 613 2752 uc
642 2689 821 2774 gubernat,
839 2712 858 2750 a
878 2690 1013 2753 Platone
1034 2693 1224 2776 saepissime

164 2811 301 2869 vocatur
320 2797 404 2872 νοῦς.
446 2801 487 2866 V.
510 2820 539 2859 c.
559 2797 688 2867 Phileb.
710 2822 741 2884 p.
764 2801 814 2869 28.
835 2820 862 2861 c.
892 2800 943 2861 50.
965 2798 996 2860 d.
1027 2799 1224 2867 Schleierm.

163 2909 314 2977 Prooem.
332 2932 365 2993 p.
391 2907 458 2969 133.
500 2908 613 2967 Utrum
626 2907 726 2992 igitur
743 2916 888 2972 mentem
902 2906 942 2970 ab
954 2907 1093 2972 Euclide
1116 2909 1224 2992 signi-

164 3019 258 3081 ficari
287 3016 496 3101 putabimus?
519 3047 561 3063 --

216 3103 221 3114 ’
247 3123 387 3187 Maiores
423 3122 521 3220 etiam
556 3120 592 3183 in
619 3120 683 3185 bac
719 3142 756 3186 re
785 3120 895 3186 turbas
931 3122 1052 3188 excitat
1088 3126 1222 3192 Baelius

162 3232 198 3294 in
227 3231 360 3296 Lexico.
418 3230 534 3312 «Quid
563 3229 678 3293 enim?
716 3229 835 3312 inquit.
884 3231 1057 3310 Quomodo
1092 3233 1220 3300 bouum

52 3392 55 3397 .
144 3355 268 3402 ‘unum
297 3361 365 3403 esse
393 3347 520 3421 potest,
551 3337 578 3402 si
609 3338 698 3401 idem
734 3346 782 3400 est
815 3347 848 3401 et
872 3342 963 3403 Deus
993 3348 1026 3402 et
1060 3342 1153 3405 Meus
1183 3352 1220 3408 et

162 3447 363 3512 Prudentia?
391 3450 435 3511 Et
460 3449 636 3533 prudentia
664 3446 965 3533 intelligentiaque,
1000 3471 1083 3534 quae
1104 3449 1218 3512 homi-

162 3555 215 3620 nis
248 3563 349 3636 sunt,
393 3555 522 3619 nihilne
542 3555 713 3640 ⁴differunt
742 3577 761 3616 a
793 3557 891 3620 Deo?
933 3558 1063 3622 Suntne
1093 3558 1127 3644 ei
1155 3581 1218 3643 pa-

161 3665 236 3727 res?
264 3664 413 3748 ingenue
445 3664 573 3741 fateor,
602 3662 638 3722 in
670 3660 720 3724 his
741 3662 824 3724 mihi
842 3663 1014 3728 Euclidem
1035 3673 1092 3726 aut
1111 3675 1217 3730 semet

113 3758 116 3765 ⁴
161 3772 269 3857 ipsum
288 3792 404 3857 parurn
426 3769 532 3834 videri
553 3768 776 3854 intellexisse,
800 3782 854 3835 aut
875 3773 914 3837 ab
936 3773 1009 3838 aliis
1030 3770 1115 3834 male
1144 3793 1216 3838 esse

160 3878 394 3968 intellectum.»
441 3879 490 3941 Ita
510 3875 640 3941 Baelius
668 3879 739 3943 fere
762 3879 821 3954 (in
847 3883 925 3948 Lex.
956 3881 1213 3969 crit.p.y41lp.),

217 4117 248 4185 1)
260 4114 384 4171 Brundis.
403 4117 556 4172 Commeat.
574 4112 660 4171 Eleut.
673 4117 697 4173 1.
713 4134 741 4189 p.
763 4134 806 4172 uo.
