2626 4732
542 406 751 493 ..65-

122 584 315 660 τινείταί
338 604 394 671 τι,
421 574 521 672 η’τοι
547 574 638 651 ἐν
612 610 637 674 ηι
668 585 755 650 ἐστι
784 580 894 672 τόπηι
926 576 1175 670 κινεῖται,η

122 689 214 790 ἐνῷ
235 690 309 794 μη
340 692 440 758 ἐστι·
467 683 561 756 οὕτε
599 692 688 755 (λέ
672 716 714 758 εν
745 681 772 781 τό
800 693 912 757 ἐστι·
939 694 1060 775 μένει
1092 693 1175 779 γάρ

124 797 325 888 ἐναότηό,
350 784 630 889 οότεένῶμὴ
661 799 793 863 ἐστιν·
821 792 867 862 οό
888 796 970 922 γάρ
998 798 1180 864 ἐστινέν

127 909 261 1002 αι’τρι·
283 931 360 975 ουκ
384 895 677 991 άρακινεῖταί
692 929 743 970 τι.
784 899 899 970 Και
881 906 974 986 ομέν
999 901 1089 986 λόγος
1113 928 1180 968 τοι.
1259 937 1262 944 ·

134 1025 237 1098 οὕτος.
264 1057 307 1078 ι-
324 1013 370 1082 Ἡ
404 1015 440 1078 δὲ
460 1011 654 1101 παραμυθία
675 1015 740 1078 τῶν
762 1008 937 1098 λημμάτων
968 1005 1070 1076 αότοά
1102 1033 1182 1098 προ.

133 1127 247 1219 νανιέ·
288 1131 356 1192 κτλ·
731 1194 735 1213 2

217 1236 306 1304 Add.
328 1244 406 1302 sect.
433 1253 501 1298 τευ.
523 1254 555 1317 p.
576 1232 650 1317 752.

220 1343 331 1409 Ταάτα
353 1340 414 1422 μὲν
434 1327 492 1401 οὖν
506 1338 587 1423 πρὸς
601 1338 643 1401 τά
658 1324 877 1421 άντιλεγόμενα
900 1334 945 1424 τῷ
967 1324 1031 1400 όπό
1057 1332 1182 1401 Λιοόεά.

117 1474 195 1539 -ρου
218 1449 401 1530 κομισθέντι
429 1441 509 1533 λόγῳ
537 1437 706 1527 ἀναγκαῖον
728 1434 769 1526 ἧν
793 1443 906 1507 εἰπεῖν·
927 1441 1046 1525 κομιζει
1070 1447 1105 1509 δὲ
1128 1440 1184 1509 καὶ

137 1552 257 1633 ἄλλους
274 1556 362 1632 τινάς
377 1550 490 1638 λόγους
510 1546 572 1634 οόχ
596 1545 697 1627 οὕτως
723 1553 903 1638 ἐμβριθεῖς,
928 1547 1009 1616 άλλά
1035 1573 1182 1638 σοφιστι-

137 1666 316 1750 ιιωτέρους,
351 1651 396 1726 ὧν
421 1661 480 1744 τῆν
500 1656 622 1723 ἐκθεσιν
649 1657 863 1741 ποιησόμεθα,
887 1659 930 1734 εἷς
959 1659 997 1723 τό
1021 1656 1181 1723 δύνασθαι

138 1771 222 1836 κατά
241 1769 301 1844 τοῖς
322 1764 500 1854 ζητησεις“’
484 1785 615 1829 εκαστον
648 1757 755 1825 αὐτῶν
781 1758 938 1830 ἐκκλίνειν.
971 1761 1090 1843 εόθέως
1117 1764 1181 1892 γάρ

135 1899 233 1964 φησι,
255 1876 293 1940 τό
315 1870 496 1956 κινούμενον
519 1873 554 1935 ἐν
577 1864 663 1958 τόπερ
687 1867 770 1934 ἐστί·
797 1873 835 1933 τό
857 1872 927 1934 δὲ’
911 1897 945 1937 εν
966 1870 1052 1965 τόπηι
1077 1867 1113 1940 όν
1142 1868 1181 1939 οό

132 1993 286 2050 κινεῖται·
314 1982 421 2066 δίττης
441 1982 476 2046 δὲ
502 1971 599 2063 οάσης
616 1973 785 2061 κινήσεως,
802 1981 901 2061 μιάς
919 1985 992 2064 μὲν
1007 1985 1078 2068 τῆς
1098 1986 1184 2048 κατ’

134 2085 416 2178 ἐπικράτειαν,
446 2087 703 2173 δευτέραςόὲ
729 2086 799 2170 τῆς
822 2089 905 2151 κατ’
934 2089 1182 2176 εἰλικρίνει-

135 2223 195 2282 αν,
216 2222 269 2262 και
280 2200 350 2263 κατ
364 2193 566 2282 ἐπικράτειαν
580 2195 640 2275 μὲν
652 2188 869 2278 άπαρχοάσης,
892 2195 946 2281 ἐφ’
957 2220 995 2322 ης
1014 2197 1079 2261 τῶν
1094 2204 1182 2262 πλει-

135 2303 216 2373 όνων
236 2307 427 2390 κινουμένων
443 2305 557 2392 μερῶν.
573 2302 637 2373 τοῦ
660 2297 807 2384 σώματος
839 2298 976 2387 ὀλίγα
956 2313 1080 2391 ηρεμεῖ,
1110 2309 1181 2370 κατ’

133 2410 332 2500 εἷλικρινειαν
351 2413 386 2476 δὲ
393 2412 480 2497 ,ἐφ’
493 2400 532 2493 ης
549 2403 654 2471 πάντα
670 2416 799 2472 κινεῖται
823 2410 865 2474 τά
880 2410 939 2474 τοῦ
958 2410 1105 2494 στόματος
1122 2416 1180 2495 με’.

135 2540 192 2609 ρη·
217 2522 306 2585 δοκεῖ
325 2517 448 2585 τούτων
468 2521 532 2582 τῶν
557 2518 646 2581 δυοῖν
669 2539 817 2601 κινησεων
841 2544 861 2602 η
885 2521 955 2582 κατ’
979 2517 1180 2606 ἐπικράτειαν

136 2632 345 2714 προηγεῖσθαι
362 2629 419 2712 τῆς
447 2629 517 2691 κατ’
543 2624 749 2712 ειλικρίνειαν.
786 2619 853 2691 Ἵνα
877 2623 937 2713 γάρ
959 2651 991 2690 τι
1008 2628 1180 2715 εἰλικρινῶς

135 2736 262 2823 κινηθη,
276 2736 365 2799 τοῦτ’
377 2735 463 2799 ἐστιν
484 2726 582 2799 ὅλον
599 2735 620 2796 ὅ
625 2736 647 2795 ι’
662 2726 679 2795 3
690 2739 771 2815 λου,
794 2728 947 2858 πρότερον
968 2727 1087 2820 όφειλει
1105 2743 1180 2800 νοεῖ-

135 2830 218 2908 σόαι
235 2842 305 2907 κατ’
326 2839 527 2928 ἐπικράτειαν
543 2833 731 2922 κινοάμενυν.
759 2834 817 2906 Ον
838 2835 971 2924 τρόπον
969 2841 1026 2905 ίνα
1044 2866 1091 2917 τις
1108 2847 1179 2907 κατ’

135 2924 333 3043 εἷλιιιρίνειαν
356 2949 484 3034 γένηται
512 2939 636 3030 πολιός,
658 2940 776 3084 όρειλει
793 2949 863 3011 κατ’
879 2944 1079 3034 ἐπικράτειαν
1100 2974 1179 3038 προ.

134 3054 367 3124 πεπολιτόσθαι·
388 3082 442 3122 και
475 3055 528 3123 ίνα
555 3078 605 3132 τις
625 3059 694 3121 κατ’
726 3051 920 3142 ειλικρινειαν
940 3055 1050 3144 ληφθῇ
1066 3056 1180 3146 σωρός,

134 3152 257 3248 όφειλει
282 3164 353 3226 και)
379 3158 581 3249 ἐπικράτειαν
610 3162 768 3247 γεγονέναι
792 3161 912 3249 σωρός·
947 3160 1037 3228 κατάε
1058 3162 1114 3231 τόν
1145 3162 1180 3231 3.

117 3273 229 3354 ’μοιον
259 3267 377 3357 τρόπον
412 3267 618 3356 ἡγεῖσθαι
649 3272 711 3335 <m
736 3271 806 3354 τῆς
831 3273 917 3334 κατ’
946 3266 1180 3359 εἰλικρίνει.

134 3398 186 3441 αν
224 3373 432 3461 κινήσεως
463 3361 537 3460 την
571 3377 657 3439 κατ’
698 3373 999 3463 ἐπικράτειαν·
1035 3375 1179 3456 ἐπίτασις

133 3485 198 3570 γάρ
226 3485 289 3568 τῆς
299 3487 369 3548 κατ’
395 3480 596 3570 ἐπικράτειάν
619 3485 706 3548 ἐστιν
726 3480 747 3569 ἦ
770 3488 839 3548 κατ’
859 3484 1071 3572 εἰλικρίνειαν·
1106 3481 1182 3571 οόχί
1266 3530 1270 3537 =

135 3593 173 3657 δέ
189 3593 226 3677 γέ
249 3591 323 3657 ἐστι’
344 3616 394 3667 τις
421 3594 490 3655 κατ’
523 3588 724 3679 ἐπικράτειαν
745 3588 879 3677 κίνησις,
915 3588 959 3668 τός
979 3591 1180 3680 παραστήσω.

135 3718 209 3781 μεν·
244 3695 352 3762 τοίνυν
381 3687 454 3761 033⁹
484 3693 597 3782 ἧκοτ’
627 3699 823 3788 εἰλικρίνειαν
849 3698 1024 3786 γενήσεται·
1056 3697 1181 3766 ὑποκεί-

135 3807 208 3869 σθω
231 3804 293 3889 γάρ
325 3804 360 3867 ἐκ
383 3807 481 3890 τριῶν
509 3798 636 3891 άμερόάν
677 3806 833 3880 συνεστώς
864 3810 975 3891 σῶμα,
1004 3809 1092 3874 δυοῖν
1122 3812 1182 3893 μὲν

93 3953 99 3967 .
133 3914 351 3994 κινουμένων,
377 3904 448 3986 ἐνός
478 3913 514 3976 δὲ
548 3906 802 3998 άκινητίζοντος·
835 3915 930 3979 τοῦτο
968 3919 1029 4005 γάρ
1061 3913 1083 4004 ἦ
1113 3922 1183 3986 κατ’

138 4014 342 4106 ἐπικράτειαν
368 4010 500 4083 άπαιτεῖ
511 4016 646 4103 κίνησις·
671 4011 786 4084 οόκοόν
805 4021 833 4084 εἰ
850 4024 1055 4111 προςθείημεν
1071 4031 1183 4117 τέταρ-

96 4185 100 4192 .
138 4148 197 4192 τον
220 4119 336 4214 άμερές
360 4118 549 4213 άκινητίζονι
563 4124 666 4218 τοότηι
695 4128 740 4217 τῷ
769 4123 914 4214 στόματι,
942 4128 1039 4197 πάλιν
1063 4129 1184 4219 γενησε.

963 4241 984 4305 5
