2626 4732
547 364 755 435 ...¹75-

121 534 306 619 Diogenem
326 528 364 593 L.
386 528 465 596 Vll.
486 529 536 612 57.
578 531 694 595 Cicero
714 530 850 617 quidem
869 539 959 623 certe
988 541 1064 597 ante
1091 555 1172 598 ocu-

124 645 174 706 los
196 663 251 705 eos
271 638 392 701 hahuit.
428 630 560 703 'Iccirco
580 649 689 703 autem
709 639 811 704 Stoici
832 640 917 704 hanc
938 662 1008 704 rem
1029 643 1075 704 ita
1094 663 1173 726 per·

123 756 325 825 tractarunt,
355 747 445 830 quod
470 748 689 831 gravissimam
722 747 851 834 attingit
871 747 912 813 de
941 748 1032 832 fato,
1065 747 1175 812 bomi-

121 856 272 940 numque
294 844 461 933 libertate,
483 857 711 940 quaestionem
726 857 768 933 ¹).
803 920 805 925 .

210 1007 395 1093 Chrysippo
423 1008 522 1101 igitur
553 1009 675 1095 pariter
699 1020 796 1095 atque
825 1007 1010 1086 Aristoteli,
1049 1006 1175 1092 aliquid

123 1096 198 1181 ¹lieri
217 1136 310 1203 posse
331 1116 505 1180 videbatur
515 1108 529 1197 ,i
547 1118 574 1183 si
590 1141 706 1182 verum
726 1139 795 1183 esse
816 1127 925 1202 posset
949 1116 1040 1180 nulla
1063 1137 1099 1180 re
1118 1117 1177 1179 ob·

126 1232 249 1307 stante,
267 1226 366 1289 etiam
382 1225 410 1288 si
425 1224 460 1288 id
479 1247 568 1288 nunc
588 1247 655 1288 non
675 1235 761 1290 esset
777 1245 903 1292 verum.
930 1227 1040 1306 Quare
1062 1223 1178 1289 iisdem

125 1338 197 1398 fere
212 1335 308 1398 armis
330 1334 410 1396 item
428 1353 596 1418 aggressus
615 1343 663 1397 est
684 1333 884 1413 Diodorum,
906 1354 1101 1417 quamquam
1119 1332 1179 1394 lati

129 1441 183 1506 sui
210 1441 400 1506 necessitate
425 1440 499 1526 ipse
530 1441 637 1503 omnia
667 1441 914 1525 constringeret.
958 1436 1184 1521 Quamobrem

82 1545 86 1560 '
126 1547 220 1639 'aaut
244 1551 378 1613 obscure
401 1547 653 1633 reprehenditur
676 1571 695 1611 a
720 1548 900 1635 Cicerone,
931 1549 973 1612 de
996 1549 1053 1610 fat.
1069 1569 1101 1631 9.
1121 1548 1179 1615 fin.

135 1657 270 1741 «Neque
297 1657 340 1736 ii,
370 1655 427 1741 qui
451 1656 566 1719 dicunt
585 1637 805 1720 'immutabilia
827 1680 916 1740 esse,
954 1679 1039 1742 quae
1069 1657 1203 1719 futura

132 1763 216 1844 sint,
239 1787 299 1829 nec
323 1785 416 1848 posse
433 1785 547 1825 verum
567 1765 714 1827 futurum
733 1766 884 1830 converti
904 1765 939 1839 in
962 1765 1098 1842 falsum,
1121 1765 1180 1827 fati

132 1872 358 1935 necessitatem
377 1873 587 1952 confirmant,
609 1864 668 1935 sed
683 1872 854 1936 verborum
876 1873 943 1934 vim
965 1873 1180 1958 interpretau-

130 1986 194 2042 tur.
237 1979 305 2056 At,
339 1977 397 2062 qui
427 1979 643 2042 introducunt
666 2001 836 2044 causarum
864 1979 982 2043 seriem
1010 1981 1181 2066 sempiter-

130 2107 226 2166 nam,
263 2086 289 2146 ii
317 2097 461 2149 mentem
496 2079 639 2150 hominis
663 2089 832 2152 voluntate
865 2089 969 2156 libera
999 2092 1180 2177 spoliatam,

132 2193 322 2257 necessitate
339 2193 398 2255 fati
420 2193 647 2288 devinciunt.»

164 2418 169 2429 ,
213 2347 336 2428 Vides,
361 2370 460 2432 quam
493 2346 596 2411 amice
625 2347 780 2413 Diodoro
802 2351 1025 2434 patrocinetur
1053 2352 1179 2418 Cicero.

131 2455 252 2537 Cuius,
276 2457 355 2521 dum
373 2456 573 2541 praeclaram
593 2457 969 2548 voluntatcmagnoseo,
993 2480 1110 2522 vereor
1129 2468 1180 2520 ta-

126 2585 206 2641 ruen
215 2610 225 2644 ,
246 2573 286 2627 ut
300 2565 464 2629 Diodorus
478 2564 565 2629 hauc
579 2564 747 2628 doctrinae
762 2588 838 2632 suaa
855 2568 1125 2655 explicationem,
1144 2588 1180 2630 so

130 2672 304 2741 verborum
329 2683 457 2737 tantum
477 2677 546 2737 vim
572 2675 716 2740 voluisse
747 2677 979 2761 interpretari,
1012 2676 1039 2739 si
1059 2674 1179 2753 audiat,

129 2780 269 2866 probare
291 2780 380 2844 velit.
421 2780 610 2846 Enimvero.
624 2782 722 2846 altius
750 2783 963 2868 repetendam
992 2804 1060 2848 esse
1093 2783 1180 2847 hanc

130 2909 203 2954 rem
223 2910 321 2981 supra
342 2891 563 2976 cognovimus.
681 2943 685 2948 .

217 3044 369 3124 Quonam
390 3054 465 3109 cunr
486 3045 632 3109 Diodoro
660 3026 746 3108 libro
769 3041 967 3128 Chrysippus
995 3038 1180 3122 decertarit,

98 3142 101 3147 ’
128 3151 297 3214 'incertum
317 3162 375 3221 est.
421 3154 585 3217 Laudatur
613 3152 747 3236 quidem
768 3150 853 3212 liber
874 3149 944 3212 eius
963 3147 1044 3234 πρὸς
1058 3140 1182 3210 Διόδω-

133 3278 191 3342 ρον
208 3259 250 3339 2),
273 3252 371 3342 quem
385 3281 445 3345 ego
456 3271 562 3323 tamen
582 3281 649 3321 una
660 3280 734 3320 cum
745 3256 964 3323 voluminibus
974 3266 1125 3341 quattuor
1140 3256 1180 3319 de

132 3366 253 3430 virtute
270 3367 302 3455 ³)
329 3368 437 3432 Stoico
465 3368 595 3430 cuidam
615 3366 760 3429 Diodoro
788 3373 902 3451 putem
921 3364 1023 3427 luisse
1045 3362 1182 3449 inscrip-

131 3481 214 3546 tum.
244 3467 420 3539 Probabile
441 3486 508 3556 est,
541 3476 729 3563 praesertim
748 3498 790 3541 ex
809 3473 948 3538 Arriano
970 3473 1052 3539 Diss.
1074 3472 1182 3558 Epist.

105 3675 108 3679 ·
133 3664 385 3688 ——Q

172 3786 205 3894 ι)
223 3781 351 3876 οῑοζῆι.
368 3839 395 3892 9.
421 3820 484 3878 Nar.
503 3778 585 3878 naor.
600 3823 654 3886 111.
664 3818 690 3882 o.
707 3822 786 3894 mog.
801 3823 830 3877 t.
844 3823 903 3880 vu.
922 3821 981 3895 aaa

171 3958 200 4029 a)
216 3960 295 4032 Diog.
314 3961 344 4015 L.
363 3960 421 4025 VII,
442 3977 502 4016 200.

171 4103 200 4175 3)
218 4104 297 4178 Diogy·
317 4105 346 4158 L.
365 4106 425 4162 Vll.
445 4123 508 4170 aaa.
