2626 4732
525 339 659 436 ..73'
691 400 732 416 ...

45 534 48 540 “
120 537 293 623 munisse)
312 535 343 611 1)
373 532 495 619 triplex
524 535 608 599 ratio
639 557 707 600 esse
734 534 914 603 videbatur.
955 532 1046 598 Nihil
1078 533 1168 598 enirn

120 647 259 731 amplius
281 641 504 723 desiderabat,
533 664 632 729 quam
655 652 692 705 ut
721 642 822 704 altera
842 642 912 706 eius
937 664 1028 727 pars,
1056 640 1095 703 τό
1114 641 1172 725 λῆ.

122 773 194 836 γον,
215 772 292 814 vera
314 760 407 813 esset
434 748 490 814 *lu
510 772 576 834 quo
596 772 785 834 germanum
811 772 845 813 se
867 750 1002 835 praebet
1028 749 1173 832 Megari-

125 883 201 925 cum
222 858 339 937 Philo,
362 856 424 940 qui·
443 859 528 921 nihil
554 859 619 922 nisi
640 859 817 925 secundam
842 857 1075 922 enuntiationis
1097 854 1174 944 par·

124 978 192 1031 tem
220 973 353 1051 spectet.
393 962 435 1025 At
465 963 630 1028 Diodorus
656 966 759 1028 multo
792 962 973 1028 accuratius
1001 985 1073 1027 eam
1103 983 1174 1026 rem

126 1057 298 1153 tractavit,
329 1092 431 1157 quum
452 1080 628 1134 extremam
647 1093 779 1157 quoque
808 1071 1030 1136 concludendi
1058 1064 1177 1134 necee-

127 1169 257 1248 sitatcm
278 1167 466 1264 poitalaret.
508 1179 556 1242 Id
581 1182 665 1244 enim
687 1181 790 1243 solum
812 1201 918 1242 verum
945 1201 1011 1241 esse
1042 1181 1179 1241 coniun-

127 1303 223 1370 ctum,
245 1287 360 1361 aiebat,
381 1285 472 1373 quod
482 1286 638 1373 incipiens
657 1312 678 1350 u
696 1308 774 1351 uera
795 1307 966 1369 numquam
975 1283 1062 1373 fieri
1078 1299 1181 1372 potu-

128 1400 227 1473 isset,
255 1417 356 1479 neque
377 1408 507 1481 posset,
536 1409 571 1460 ut
598 1399 634 1460 iu
652 1396 778 1482 falsum
806 1395 974 1462 desineret.
1018 1394 1058 1458 Id
1088 1395 1182 1478 quod

7 1559 14 1572 .
131 1507 263 1592 egregie
285 1503 325 1565 ab
347 1524 386 1565 eo
409 1502 530 1566 dictum
550 1525 630 1584 esse,
653 1525 720 1566 non
738 1513 788 1569 est
802 1505 891 1589 quod
905 1526 1065 1573 moneam.
1087 1507 1185 1568 Prae·

104 1614 244 1679 'sertim
275 1632 377 1697 quum
406 1634 444 1674 ea
475 1634 511 1676 re
544 1633 612 1675 non
643 1613 750 1676 solum
776 1614 943 1699 praeclare
965 1615 1120 1677 meruisse
1144 1614 1186 1678 de

132 1720 222 1782 omni
251 1719 441 1802 dialectica,
471 1719 529 1785 sed
556 1721 769 1784 conclusionis
799 1738 932 1807 quoque
964 1725 1187 1808 hypotheticae

103 1812 345 1892 'fundamenta
369 1825 484 1890 iecisse
509 1825 669 1895 videatur.
712 1828 805 1906 Quae
836 1824 971 1912 quidem
997 1830 1105 1893 resin
1127 1853 1189 1894 co-

132 1936 314 2023 piosissima
333 1935 518 2000 Aristotelis
540 1936 792 2001 conclusionum
821 1939 970 2005 doctrina
1003 1948 1050 2003 est
1076 1941 1190 2023 negle-

137 2054 201 2110 cta.
229 2045 311 2107 Nam
337 2046 427 2128 quod
446 2046 560 2125 etism,
581 2043 732 2125 ποσαχῶς
749 2040 889 2126 γίνονται
906 2041 937 2108 oi
956 2044 989 2122 ἐξ
1005 2040 1191 2121 ὑποθέσεως

137 2147 353 2234 συλλογισμοί,
367 2161 478 2237 postea
496 2171 530 2214 se
547 2151 785 2235 explicaturum
803 2152 979 2237 pollicetur
992 2155 1038 2232 ²),
1061 2154 1096 2216 id
1109 2175 1191 2217 vero

139 2281 320 2345 numquam
340 2259 470 2323 videtur
489 2256 643 2327 effecisse.
686 2259 729 2321 At
749 2259 973 2344 Peripatetici,
1001 2259 1193 2346 Theophra·

27 2399 29 2402 ·
137 2376 206 2431 stus
231 2367 400 2453 inprimis
424 2377 457 2431 et
478 2365 645 2430 Eudemus
672 2366 722 2445 ³),
751 2366 786 2429 in
808 2389 846 2430 ea
867 2390 902 2432 re
925 2370 1143 2437 elaborarunt.
1165 2370 1195 2432 A

136 2475 311 2560 Megaricis
341 2484 451 2538 autem
480 2494 551 2555 repr
578 2484 775 2560 acceperunt
804 2477 924 2558 Stoici,
958 2499 1099 2562 quorum
1121 2476 1194 2541 exi-

139 2582 206 2645 mia
230 2582 347 2646 deinde
366 2582 402 2644 in
421 2580 473 2644 his
497 2581 681 2659 connexis,
712 2583 779 2646 sive
801 2583 1067 2649 conclusionibus
1091 2584 1196 2671 hypo*-

138 2688 270 2755 theticis
296 2691 360 2754 tuit
390 2689 570 2774 diligentia.
595 2683 667 2754 ¹Sic
693 2690 893 2779 Chrysippus
920 2718 953 2762 v.
983 2715 1010 2762 c.
1040 2704 1197 2776 quattuor

138 2793 214 2884 περὶ
232 2790 373 2882 ἀληθοῦς
389 2796 587 2880 συνημμένου
600 2799 765 2861 volumina
775 2803 807 2881 ¹¹)
823 2803 1025 2888 conscripsit,
1042 2825 1059 2865 c
1076 2802 1196 2886 quibus

141 2928 200 2971 sua
220 2907 356 2969 fortasse
379 2903 488 2968 hausit
504 2905 600 2990 Diog.
615 2905 652 2974 L.
671 2909 745 2974 Vll.
774 2931 824 2992 7¹·
846 2921 880 2973 et
906 2912 955 2995 73.
973 2913 1025 2978 80.
1067 2912 1196 2982 Verum

141 3011 204 3107 hac
232 3011 303 3096 ipsa
335 3011 375 3074 de
407 3031 443 3072 re
472 3010 612 3073 maxima
634 3022 703 3074 erat
731 3014 915 3100 Chrysippo
945 3038 1021 3080 cum
1047 3017 1197 3082 Diodoro

143 3114 324 3182 contentio.
365 3116 472 3182 Testis
495 3127 544 3182 est
564 3116 681 3182 Cicero
709 3121 810 3191 Acad.
828 3122 945 3207 11047.

157 3284 392 3303 —d-

183 3389 211 3464 1)
238 3389 320 3447 Cani.
340 3391 420 3462 Diog.
442 3391 474 3461 L,
487 3393 548 3447 vn.
564 3396 610 3466 69.
628 3393 669 3453 ib.
685 3394 774 3466 intpp.
794 3397 904 3450 Deinde
921 3397 951 3452 L.
964 3399 1025 3455 VII.
1048 3416 1091 3473 71.
1121 3404 1198 3457 Con-

195 3502 198 3512 *
233 3509 235 3513 ·
251 3504 354 3542 nexum
367 3487 424 3541 sive
439 3483 605 3542 adiunctum
623 3488 715 3541 Latini
732 3488 836 3543 dicunt.
852 3486 884 3545 V.
896 3491 968 3548 Gell.
986 3494 1019 3548 N.
1035 3494 1067 3549 A.
1084 3495 1158 3553 XVI.
1171 3499 1197 3552 8.

253 3581 335 3636 Cous.
361 3583 504 3657 Wpttcnb.
533 3583 569 3636 sd
591 3583 726 3639 Plutarch.
751 3571 883 3640 derecta
905 3588 969 3643 aud.
989 3596 1042 3650 rat.
1059 3607 1091 3662 p.
1110 3587 1156 3657 43.
1172 3605 1201 3643 c.

252 3691 284 3745 p.
303 3676 364 3744 369·
381 3675 445 3730 Vol.
461 3675 512 3732 VI.
533 3694 564 3732 10·
576 3677 687 3748 Bagaet.
708 3677 742 3732 de
758 3678 851 3751 Chrys.
870 3698 898 3752 p.
917 3685 976 3753 ¹37·
1032 3697 1035 3702 ’

188 3797 217 3867 a)
234 3793 313 3849 Anal.
328 3796 413 3866 prior.
427 3797 450 3854 1.
466 3799 508 3862 38,
529 3796 557 3867 4.
578 3814 605 3870 p.
619 3815 679 3869 297.
692 3798 723 3849 B.
742 3797 812 3870 Tap.
829 3804 852 3859 1.
873 3802 920 3866 18,
939 3818 980 3856 11.
1099 3795 1106 3804 ”

186 3887 217 3957 3)
234 3888 367 3946 Alexand.
390 3887 426 3941 sd
444 3889 498 3947 An.
522 3893 545 3946 1.
566 3891 586 3943 l.
608 3891 631 3949 f.
655 3894 713 3947 131.
740 3889 768 3945 b.
790 3895 829 3950 10.
846 3893 961 3966 Philop:
974 3894 1010 3948 sd
1025 3896 1103 3950 Aual.
1123 3913 1165 3969 pr·
1179 3896 1201 3955 i.

256 3985 300 4038 so:
322 4001 351 4037 se
374 4019 382 4038 .

187 4075 217 4148 4)
234 4077 314 4150 Diog
329 4002 438 4143 LiIVII.
458 4099 518 4154 ¹9⁰·
538 4082 650 4154 Beguet
666 4083 701 4138 de
719 4083 815 4154 Chrys.
833 4101 861 4158 p,
875 4087 920 4156 67.
941 4086 999 4155 137.
1086 4133 1088 4139 ,
