2626 4732
489 234 827 366 '-71-'

131 464 288 550 explanat
306 485 403 534 suum
415 445 503 526 inter
515 456 654 542 δύναμιν
673 468 707 523 ct
727 459 884 545 ἐνέργειαν
901 456 1087 532 discrimen.
1108 459 1188 527 Esse

86 605 88 611 ¹
131 582 253 652 autem,
277 573 335 648 ait,
358 566 515 652 δυνατόν,
537 570 627 655 quod
646 569 731 633 nihil
748 568 782 631 in
801 591 835 633 se
848 568 967 633 habeat
980 567 1189 649 contrarium,

131 658 346 768 quamobrem
373 679 444 742 fieri
486 699 553 763 non
593 676 710 762 poesits
741 673 827 763 fieri
862 673 982 738 deinde
1013 677 1190 739 accedente

131 786 282 878 drspyas'p.
305 792 353 854 Ea
374 809 472 875 porro
486 794 536 851 est
555 799 658 850 motus
676 784 758 866 ille,
780 804 844 870 quo
865 783 946 870 quid
963 786 1060 859 est1).
1072 785 1191 863 ,Quare

131 900 246 964 multis
267 899 366 963 rebus
380 918 446 959 uon
473 893 627 957 convenit
656 889 820 976 ἐνέργεια,
857 915 941 977 quae
975 889 1056 974 fingi
1078 901 1189 954 tamen
1242 941 1245 946 ,

134 1011 286 1093 possuntt
307 1012 406 1085 atque
426 1000 543 1063 barum
565 998 699 1084 quidem
720 1008 769 1062 eat
786 994 941 1078 δύναμις..
972 1003 1190 1065 Persevera

136 1107 274 1195 ἐνέργεια
299 1107 466 1172 antecedit
488 1101 636 1186 δύναμιν.
677 1107 717 1174 V.
743 1104 888 1190 Metapb.
909 1103 969 1175 lX.
1000 1128 1032 1190 p.
1058 1118 1189 1193 179,'s‚

138 1217 215 1297 181,
238 1216 288 1280 28.
314 1214 392 1295 185,
415 1213 445 1280 5·
475 1205 540 1277 lll.
572 1233 605 1296 p.
627 1232 677 1296 7¹·
700 1233 750 1296 77,
771 1236 801 1296 7.
828 1213 885 1280 IV.
911 1234 944 1296 p.
967 1213 1036 1278 106.
1052 1235 1099 1297 sq.
1125 1213 1193 1276 108·
1255 1277 1257 1281 .

87 1384 91 1389 .
128 1323 198 1388 xl.
216 1347 252 1408 p.
273 1344 345 1408 229.
366 1323 419 1391 Br,
433 1321 533 1407 Phys.
553 1321 651 1387 Anae.
674 1321 720 1385 11.
745 1321 849 1391 1.111.
870 1321 940 1389 2.6.
956 1306 1193 1392 cenetens.

114 1414 116 1418 Ι
141 1431 171 1497 l.
192 1446 274 1511 2.9.
300 1449 348 1496 10.
370 1427 445 1491 alia.
996 1411 1016 1513 ,ἡ

221 1534 436 1618 Perspicuum
457 1536 556 1622 igitur
587 1539 652 1611 est,
681 1533 1045 1602 summam-Aristotelis
1077 1536 1188 1623 pbilo-

122 1641 316 1728 sophisma
331 1644 494 1729 Megarica
514 1642 654 1707 differre.
683 1640 763 1704 Nam
783 1664 867 1726 quae
884 1644 951 1718 illis
973 1667 1041 1708 unc
1066 1654 1193 1709 tantum

140 1751 321 1835 eodemque
336 1748 434 1812 modo
458 1769 527 1812 esse
545 1769 636 1833 posse
655 1749 829 1818 videbatur
843 1751 1002 1830 essentia,
1033 1771 1104 1812 eam
1132 1735 1189 1815 hie

121 1858 276 1943 ¹dabersis
296 1859 402 1923 modis
424 1880 492 1921 esse
517 1858 740 1942 arbitrabatur.
790 1861 881 1939 Quos
906 1883 1010 1943 quum
1039 1860 1193 1923 tollerent

135 1964 309 2050 Megarici,
329 1986 460 2028 omnem
478 1966 617 2029 cisimul
635 1967 855 2051 cognoscendi
874 1967 1044 2031 veritatem
1062 1967 1209 2049 tolleres

136 2054 313 2157 omniaque
335 2072 375 2134 ad
394 2093 508 2135 sensus
526 2074 650 2136 referre
673 2073 881 2138 videbantur.
924 2075 1034 2153 Quare
1056 2075 1194 2138 calidius

138 2179 253 2267 paullo
284 2179 331 2242 eis
354 2179 551 2248 adversatur.
596 2182 633 2242 In
656 2168 723 2264 quo
742 2181 918 2243 certamine
940 2181 1031 2244 haud
1058 2184 1126 2246 scio
1152 2206 1193 2245 an

140 2289 331 2355 Aristoteles
349 2289 417 2374 ipse
433 2290 532 2354 verba
546 2302 739 2374 aucupetur.
780 2291 861 2352 Nam
879 2290 960 2351 mihi
980 2289 1114 2372 quidem
1126 2312 1194 2354 non

137 2395 291 2460 videntur
305 2417 422 2481 negare
435 2397 611 2481 Megarici,
633 2396 873 2482 aedificatorem
896 2419 964 2460 esse
986 2418 1193 2481 quemquam,
1307 2444 1310 2453 f

137 2503 370 2567 etiamsicum
393 2505 530 2568 maxime
560 2527 632 2589 non⁴
653 2504 826 2588 aedfieet,
870 2505 898 2568 si
924 2507 1023 2572 ,modo
1049 2527 1123 2567 cere
1152 2509 1195 2570 sit

138 2596 338 2676 aedificator.
379 2613 495 2697 Neque
520 2634 596 2678 vero
626 2634 700 2674 cum
725 2614 900 2697 Protagora
928 2599 1196 2692 consentiebant,

133 2739 253 2791 ,omncs
272 2742 324 2784 res
340 2723 425 2797 tales
450 2742 540 2801 esse,
562 2721 674 2805 quales
692 2719 852 2784 in‘sensus
865 2710 1086 2786 incurrerent·
1101 2719 1194 2802 Quin
1220 2781 1225 2792 ,

140 2828 290 2901 sensibus
309 2830 343 2892 iu
362 2852 439 2894 vero
458 2829 671 2894 diiudicanda
683 2848 799 2913 parum
818 2837 873 2889 aut
894 2828 979 2889 nibil
1004 2828 1137 2894 dabant
1152 2827 1197 2890 At

111 2968 115 2975 ·
137 2934 176 3001 id
194 2935 328 3021 quidem
346 2960 422 3002 vere
439 2939 519 3002 dicit
539 2935 742 3015 Aristoteles,
760 2956 889 2998 omnem
911 2935 975 3000 hoc
1004 2935 1102 2998 modo
1123 2953 1196 2996 mo·

125 3030 211 3107 ‘sum
224 3052 257 3107 at
278 3047 524 3130 generationem
543 3045 593 3107 iri*
607 3043 787 3107 sublatums
813 3053 910 3127 atque
940 3044 974 3106 id
996 3043 1102 3129 ipsum
1124 3025 1207 3107 erat
1280 3096 1283 3107 ,

136 3134 381 3237 Megaricorum
418 3152 587 3216 doctrinae
618 3163 727 3232 caput.
782 3153 874 3231 Quae
898 3173 950 3215 res
979 3152 1013 3213 in
1043 3173 1113 3216 eam
1141 3172 1193 3213 me

139 3258 273 3333 inducit
290 3262 540 3345 cogitationem,
562 3272 684 3326 utnon
706 3262 812 3326 levem
831 3282 869 3323 ea
894 3259 935 3323 de
949 3281 984 3322 re
1014 3260 1195 3345 Megaricos

141 3367 232 3432 inter
246 3378 280 3434 et
300 3370 511 3436 Aristotelem
539 3369 790 3435 controversiam
811 3367 1031 3433 intercessisse
1049 3377 1195 3434 statuam.
1249 3374 1255 3390 “

143 3475 208 3539 Cui
224 3477 430 3542 coniecturae
449 3499 516 3539 non
537 3475 693 3560 exiguum
716 3470 953 3558 probabilitatis
978 3470 1108 3561 pondus
1132 3469 1192 3533 ad-

143 3584 227 3649 dunt
242 3586 375 3671 reliqui,
396 3588 514 3671 quibus
532 3607 604 3650 eam
623 3582 847 3670 quaestionem
860 3587 976 3644 tractat
988 3577 1193 3656 Aristoteles,
1248 3632 1252 3639 .

141 3693 221 3764 loci.
264 3696 348 3759 Sunt
365 3703 474 3756 autem
493 3691 561 3753 fere
579 3688 626 3760 hi,
1006 3701 1011 3707 ·

225 3805 359 3866 Aristot.
380 3802 422 3864 de
444 3803 617 3886 interpret.
642 3795 699 3866 IX.
725 3817 771 3860 so.

148 3950 159 3967 >·
226 3942 269 3961 »-
289 3903 362 3973 Καὶ
384 3900 436 3971 ὅτι
456 3899 537 3982 ὅλως
563 3903 658 3986 ἐστὶν,
671 3904 707 3970 ἐν
732 3906 799 3978 τοῖς
819 3901 865 3986 μῆ
896 3889 948 3967 dat
972 3897 1134 3987 ἐνεργοῦσι
1154 3901 1191 3964 τὰ
1253 3903 1255 3909 ’

202 4077 234 4149 ι)
266 4074 389 4149 Metapb.
403 4076 449 4131 XL
465 4092 493 4149 p·
514 4090 575 4147 usp
592 4075 637 4134 Er.
