2626 4732
560 482 747 553 -6-

124 661 249 727 Verum
270 669 314 720 ‘ea
336 676 390 722 res
417 655 536 722 clarius
560 652 849 741 etiam‘indicatur
867 674 887 716 a
906 649 1054 740 Diogene
1077 654 1180 726 L.11.

92 762 96 769 ’
126 764 235 853 50.'1).
277 768 443 845 Socrates,
476 763 585 849 inquit
597 811 609 842 ,
644 756 729 849 δρῶν
750 753 923 847 Εὕκλοδδηυ
955 757 1178 829 ἐσπουδακότα

124 872 200 962 περὶ
238 873 315 947 τους
339 871 518 960 ἕριστικοδς
547 864 674 955 λόγους,
718 858 746 935 oi
769 861 942 956 Εδκλεδδη,
970 865 1060 957 ἔφη,Ι
1083 892 1200 956 σοφὼ,

126 987 218 1056 σταῖς
246 979 305 1063 μὲν
333 979 451 1068 δυνήσῃ
474 979 638 1067 χρῆσθαι,
665 970 848 1066 ἀνθρώποις
867 978 903 1041 δὲ
922 978 1084 1062 οδδαμῶς.
1126 979 1180 1042 lbi

36 1067 37 1071 Ἰ
62 1075 83 1089 ⁸⁸
125 1090 214 1155 enim
231 1085 386 1174 ἐριστικοί
399 1082 488 1172 λόγου
510 1091 580 1153 sine
595 1087 696 1166 dubio
713 1087 754 1150 ad
769 1085 930 1151 Eleaticas
948 1085 1090 1149 rationes
1104 1090 1190 1170 per-¹

123 1196 246 1276 tinent,
274 1221 411 1284 quarum
431 1199 587 1267 Euclides
610 1197 776 1279 studiosas
796 1178 903 1259 fuerat
916 1197 973 1274 2),
1002 1204 1181 1279 antequam

125 1305 167 1368 ad
192 1306 359 1372 Socratem
387 1309 522 1374 veniret.
562 1308 711 1388 Eandem
737 1327 835 1391 porro
851 1300 1038 1387 disputandi
1055 1302 1179 1366 rabiem

28 1470 32 1477 ,
124 1415 161 1478 in
187 1429 226 1480 eo
244 1429 426 1502 coarguunt
450 1417 651 1483 acerbissimi
674 1415 801 1498 aliquot
824 1411 973 1476 Timonis
1001 1410 1092 1509 illius
1109 1412 1175 1476 Sil·-

123 1521 274 1604 lographl
292 1525 323 1596 ³]
351 1526 440 1603 apud
461 1526 642 1607 Diogenem
659 1525 696 1591 L.
718 1522 765 1587 11.
794 1542 863 1604 107.
892 1540 1014 1584 versus.
1057 1518 1178 1583 Eadem

124 1648 221 1691 causa
245 1628 344 1691 etiam
356 1627 421 1690 fuit
439 1627 581 1711 Diogeni
594 1628 783 1715 Sinopensi,
803 1637 840 1691 ut
863 1617 1035 1691 Εὐκλείδου
1061 1625 1180 1713 σχολήν

125 1731 234 1799 iocose
254 1723 436 1820 appellaret
457 1725 629 1798 Εὐκλείδου
644 1730 756 1820 χολήν.
796 1734 873 1803 Vid.
886 1734 979 1818 Diog.
1000 1737 1036 1806 L.
1049 1737 1107 1805 Vl.
1127 1739 1179 1818 24.

206 1844 362 1910 Euclides
377 1845 522 1929 dialogos
535 1843 638 1907 edidit
655 1866 728 1908 sex:
751 1841 947 1929 Lampriam,
969 1843 1179 1930 Aeschinem,

122 1949 349 2034 Phoenicem,
392 1952 618 2042 ¹Alcibiadem,
660 1951 829 2017 Critonem
841 1950 859 2036 ,’
892 1953 1095 2016 Amator-ium
1135 1951 1179 2042 i).

124 2061 274 2141 Quorum
298 2059 397 2123 fidem
428 2058 604 2124 Panaetius
634 2061 670 2121 in
701 2060 836 2126 dubium
867 2061 1004 2126 vocabat
1025 2063 1061 2142 ὅ).
1111 2062 1179 2126 Sed

68 2198 72 2202 ·
122 2167 195 2235 veri
217 2167 421 2232 simillimum
441 2176 507 2246 est,
529 2167 703 2232 Euclidem
722 2192 855 2255 quoque
875 2192 971 2234 usum
999 2191 1067 2234 esse
1086 2191 1179 2235 com-

16 2302 19 2308 ·
121 2274 216 2338 muni
249 2267 308 2338 illa
337 2271 484 2339 omnium
512 2273 752 2338 Socraticorum
783 2277 962 2341 disserendi
977 2280 1112 2347 ratione.
1132 2279 1176 2350 V.

121 2382 218 2467 Diog.
239 2382 276 2445 L.
296 2381 361 2452 111.
384 2383 436 2469 47.
465 2391 499 2448 et
524 2384 561 2446 C.
582 2383 620 2446 A·
637 2383 792 2466 Brandis,
819 2386 867 2450 'de
894 2386 986 2459 soor.
1012 2387 1115 2458 doctr.
1141 2388 1179 2457 in

122 2491 206 2560 Mus.
227 2489 333 2556 Rhen.
348 2489 470 2582 philos.
487 2499 520 2556 et
536 2489 666 2577 iurispr.
685 2492 712 2555 I.
727 2515 760 2580 p.
775 2513 852 2586 rao.

206 2790 362 2881 Euclides
389 2814 491 2902 igitur
515 2817 580 2881 fuit
612 2817 759 2904 primus,
789 2817 850 2904 qui
874 2807 1024 2893 *scholam
1042 2817 1181 2885 Socrati·

127 2945 199 2990 cam
217 2917 385 2992 conderet.
432 2925 538 3008 quue
564 2925 722 2990 accidisse
745 2936 827 3012 puto
843 2925 951 2999 statim
966 2936 1041 3013 post
1064 2928 1179 2990 Socra·

81 3036 83 3040 '
125 3042 193 3098 tem
210 3036 394 3120 mortuum,
425 3024 460 3095 id
487 3041 535 3096 cst
556 3033 610 3102 Ol.
637 3034 833 3106 Lxxxxv.
874 3039 966 3118 Quae
985 3033 1104 3100 schola
1123 3035 1179 3099 de·

126 3162 225 3204 cursu
246 3150 430 3225 temporum
452 3142 639 3206 nominihus
664 3143 762 3208 variis
780 3155 829 3208 est
845 3152 1042 3237 nuncupata.
1082 3142 1179 3226 Πίος.

125 3249 163 3316 L.
174 3248 372 3317 Il.'106.ita:
392 3243 465 3317 Καὶ
479 3241 509 3312 οἱ
526 3239 579 3318 oin'
600 3240 705 3320 edred
716 3245 954 3338 Μεγαρικοὶ
966 3242 1178 3337 προςηγορεδ.

183 3532 598 3622 1)Benign1us'inque'quam
623 3504 714 3605 verius
732 3543 840 3605 est'viri
858 3550 1010 3606 doctissimi
1027 3549 1063 3610 G.
1085 3548 1178 3604 Groen

189 3717 191 3722 Ι
231 3658 285 3695 van
304 3641 455 3697 Prinsterer
472 3642 507 3697 dc
519 3644 636 3701 Euclide
654 3644 797 3713 iudicium,
815 3647 974 3722 Prosopogr.
996 3647 1064 3705 Piae
1089 3663 1117 3720 p-
1133 3645 1178 3714 54.

180 3759 214 3831 a)
225 3757 305 3830 Diog.
324 3759 354 3813 L.
372 3762 409 3818 11.
433 3764 493 3821 106.

181 3837 570 3973 mmwmm“

34 3964 37 3972 Ι
88 3995 90 3998 ’
181 3996 217 4068 4)
233 3998 314 4070 Diog.
333 3999 364 4054 L.
383 3997 418 4054 IL
439 4000 497 4058 108.
516 3999 594 4057 Suid.
613 4021 641 4069 v.
659 4000 828 4078 Εδκλεὶδκς,
847 4008 905 4090 quir
922 4004 1016 4064 nescio
1033 4022 1089 4079 quo
1106 4002 1176 4071 inre,
1237 3984 1242 4001 ¹

75 4113 79 4125 ⁴
232 4092 325 4148 addit:
343 4095 394 4148 sol
410 4092 482 4150 duo
497 4097 574 4161 τινά.
742 4119 745 4128 .,

170 4194 472 4298 ωωμυυ
