2626 4732
538 394 579 412 .-
620 362 664 436 69
704 384 747 414 -r

127 531 303 601 consilinm
332 530 544 615 primarium,
571 536 695 591 motum
722 527 758 589 in
789 524 972 612 praeseutia
1001 547 1068 590 non
1096 523 1180 606 fieri,

122 645 237 728 itaque
259 663 303 704 ne
324 642 445 705 sactum
468 638 601 725 quidem
623 658 694 700 esse
715 657 879 720 umquam.
917 633 1071 717 Megarici
1090 633 1180 697 enim

125 774 203 817 eum
227 750 352 814 Eleatis
371 751 542 814 essentiam
564 769 653 812 suam
670 768 768 808 unam
786 756 883 830 atque
900 745 1073 821 immotam,
1096 763 1180 804 con·

124 871 177 925 tra
193 883 306 925 omues
323 859 470 923 omnium
488 854 706 940 sophistarum
726 861 822 936 atque
838 849 1112 945 philosophorum·
1125 868 1179 910 ra.

121 963 292 1032 tiuuculaa
313 961 487 1028 fortissime
509 978 638 1043 semper
657 957 888 1022 defenderunt.

209 1324 277 1391 Sed
301 1322 581 1411 progrediendum
607 1323 738 1387 videtur
763 1320 806 1386 ad
832 1321 1077 1391 celeberrimam
1097 1328 1179 1391 Dio-

127 1434 205 1501 dori
223 1456 295 1518 περι
288 1427 459 1495 δυνατῶν
480 1435 511 1510 ¹)
533 1434 734 1501 sententiam.
775 1432 823 1498 Ea
849 1455 927 1496 vero
949 1434 1049 1516 huic,
1081 1458 1181 1520 quam

128 1543 299 1625 vidimus,
323 1540 588 1605 coniunctissima
615 1542 770 1606 maximos
798 1542 877 1605 item
906 1545 1065 1608 tumultus
1093 1546 1179 1610 exci-

130 1646 226 1712 tavit.
269 1645 448 1712 Videbatur
469 1647 557 1708 enim
576 1647 648 1710 aliis
667 1648 797 1732 penitus
825 1669 980 1732 negasse,
1001 1649 1181 1733 quidquam

132 1754 206 1818 fieri
222 1775 334 1840 posse,
363 1755 437 1819 aliis
469 1756 727 1820 molestissimam
756 1757 815 1818 fati
837 1758 1063 1821 necessitatem
1084 1759 1181 1822 indu·

130 1863 229 1931 xiste.
269 1860 451 1924 Diodorum
472 1871 581 1924 autem
615 1883 683 1923 non
712 1871 776 1922 tarn
797 1871 964 1946 parentem
984 1863 1083 1926 huius
1104 1887 1181 1927 sen·
1232 1942 1235 1953 Ι

127 1970 251 2059 tentiae
282 1969 463 2044 exstitisse,
502 1991 586 2053 quae
615 1971 852 2054 Megaricorum
888 1972 952 2033 fuit
983 1972 1042 2035 diu
1074 1983 1180 2055 antea,

126 2097 229 2159 quam
244 2087 419 2161 patronum
440 2079 705 2158 disertissimum,
727 2076 916 2142 Aristoteles
938 2079 1098 2162 ostendit,
1122 2082 1182 2165 qui

128 2185 313 2270 gravissime
335 2188 433 2252 simul
455 2197 487 2251 et
508 2187 727 2273 copiosissime
751 2208 789 2252 ca
810 2187 851 2252 de
875 2209 911 2252 re
929 2189 1090 2273 disputat,
1110 2192 1179 2256 Me·

126 2291 590 2383 taph.1x.5.,p.177.ssr,:
645 2294 650 2305 '

95 2474 99 2481 ,
210 2397 287 2466 Εἰσὶ
320 2401 357 2464 δέ
379 2424 460 2476 τινες
483 2398 518 2464 οἳ
546 2422 662 2487 φασιν,
691 2391 757 2467 οἷον
788 2399 819 2465 οἱ
853 2401 1052 2489 Μεγαρικοί,
1081 2395 1180 2469 όταν

124 2500 435 2594 ἐνεργῇμόνον
474 2501 713 2590 δόνασθαι,
741 2499 839 2572 όταν
875 2508 917 2571 δὲ
942 2509 995 2594 μῆ
1028 2508 1180 2597 ἐνεργῇ

126 2605 173 2677 οὗ
208 2612 229 2675 δ
235 2607 444 2675 όνασθαι·
465 2602 531 2674 οἷον
547 2612 605 2678 τόν
625 2613 673 2695 μῆ
699 2613 924 2693 οἰκοδομοῦντα
947 2607 985 2678 οὕ
1016 2612 1177 2680 δύνασθαι

125 2715 311 2798 οἰκοδομεῖν,
325 2709 406 2780 οἷλλοί
421 2717 477 2780 τόν
495 2698 723 2798 οἰκοδομοῦντα
735 2710 812 2780 όταν
829 2717 988 2804 οἰκοδομῇ·
1005 2712 1121 2804 δμοίως
1139 2724 1175 2787 δὲ

132 2823 191 2891 καί
202 2822 258 2890 ἔτί
269 2826 334 2890 τῶν
355 2817 476 2889 ἄλλων·
491 2818 539 2902 οἷς
561 2827 603 2890 τοὶ
624 2824 840 2908 συμβαίνοντα
858 2817 963 2890 uicorsa
979 2821 1018 2889 οό
1030 2831 1175 2910 ’χαλεπᾶν

131 2934 229 3000 ἰδεῖν·
248 2935 343 3020 δῆλον
361 2930 434 3020 χόρ1
456 2925 507 2998 ότι
529 2925 598 2997 οὔτ’
612 2929 775 3015 οἰκοδόμος
790 2929 881 2998 ἔσται
898 2927 938 2997 όίν
957 2935 1002 3025 μῆ
1015 2936 1194 3026 οἰκοδομῇς·

131 3042 173 3108 τό
197 3043 259 3129 χοίρ
301 3039 455 3133 οἰκοδόμῳ
488 3035 568 3108 εἶναι
596 3041 634 3106 τό
670 3040 793 3132 δυνόττρ
828 3035 914 3106 εἶναι’
942 3043 1028 3108 ἐστιν
1061 3044 1182 3108 οἰκοδο.

132 3159 221 3237 μεῖν·
250 3146 366 3234 όμοίως
386 3153 422 3216 δὲ
443 3150 499 3216 καί
525 3149 580 3215 ἔτί
602 3151 666 3216 τῶν
684 3142 788 3215 όίλλων
805 3153 939 3234 τεχντόν·
967 3152 997 3216 εἰ
1017 3144 1075 3218 σόν
1100 3148 1182 3217 ολδό.

94 3290 99 3295 ·
133 3282 231 3325 νατον
261 3263 321 3336 τιίς
354 3259 507 3337 τοιαύτας
537 3257 620 3390 ἔχειν
648 3262 762 3341 τέχνας
792 3258 838 3341 μῆ
871 3257 1077 3341 μανθάνοντα
1106 3285 1181 3327 ποτε

134 3390 191 3432 και
184 3365 369 3496 λαβόντα,
401 3367 457 3434 καί
480 3369 539 3501 μῆ
550 3366 633 3453 ἔχειν
657 3370 702 3451 μῆ
731 3360 934 3449 ἀποβαλόντα
961 3370 1038 3433 ποτέ
1061 3362 1096 3456 (ἧ
1115 3373 1178 3461 μιίρ

133 3469 269 3564 iniis
246 3502 267 3560 η
293 3474 391 3543 πόθει
423 3475 488 3544 τινί
516 3469 539 3563 ἢ
559 3474 684 3583 χρόνῳ
704 3469 743 3539 οὗ
770 3500 838 3600 γαρ
868 3477 907 3560 δῇ
935 3476 995 3543 tori
1025 3501 1058 3562 γε
1079 3474 1182 3566 πρόχ-

134 3596 239 3664 ματος
269 3583 469 3680 φθαρὲντρς·
496 3577 548 3647 αἐἰ
573 3580 634 3669 γάρ
664 3576 832 3671 ἕστακ’)
819 3573 897 3646 όταν
931 3579 1094 3668 παύσηται
1119 3581 1183 3673 οἰχ

135 3690 257 3766 ἕξει
217 3713 276 3774 την
293 3693 426 3776 τέχνην·
453 3689 549 3756 πόλιν
573 3693 603 3755 δ’
631 3686 729 3768 εόθδς
755 3689 953 3776 οἰκοδομήσει
967 3693 1035 3768 πῶς
1057 3695 1184 3789 λαβόνῑ

134 3794 194 3867 nac*
214 3798 256 3862 τοὶ
284 3790 400 3883 αψυχα
426 3802 466 3884 δῇ
501 3783 634 3882 δμοίως·
659 3789 731 3864 ories
759 3822 820 3887 γαρ
846 3800 975 3888 ψυχρᾶν
1006 3792 1078 3874 orire
1107 3804 1184 3895 θερ

150 3996 414 4022 ,ιη-*-

120 4185 127 4193 ,
174 4126 207 4198 1)
232 4124 290 4188 Cic.
310 4125 344 4182 de
359 4127 463 4202 rasso.
480 4129 564 4203 Epist.
582 4125 644 4185 fam.
663 4128 708 4186 tx.
724 4129 749 4200 4.
