2626 4732
503 379 710 444 ..nn-4>

86 548 134 632 gis
156 544 196 609 ad
221 542 401 626 Megaricos
418 554 563 628 spectare
586 541 666 602 mihi
683 559 873 624 'persuasum
894 549 961 619 est,
981 557 1021 602 co
1043 533 1152 620 magia

86 654 128 715 de
142 653 180 716 H.
201 649 342 726 Ritrero,
365 649 434 711 viro
457 647 656 725 doctissimo,
673 647 759 708 subit
782 648 908 728 mirari,
937 647 1049 733 quiin
1081 645 1153 709 hoe
1176 706 1180 713 ,

87 760 160 822 loco
175 758 216 846 de
238 759 401 820 Heraclito
423 757 673 841 interpretando·
689 778 729 818 ne
750 755 903 842 deceptus
921 757 1030 834 fuerit,
1052 775 1154 817 rere·
1171 760 1184 783 “

57 884 58 889 ’
89 885 138 926 or.
185 863 259 930 vid.
282 864 356 930 hist.
379 875 483 926 sectae
502 868 572 926 Ion.
594 887 623 948 p.
646 885 697 947 9²·
715 864 790 930 coll.
814 887 844 948 p.
867 886 917 947 97.
929 863 1003 926 Not.
1025 863 1054 928 5.
1069 865 1113 934 ¹).

177 971 274 1048 Quod
303 982 408 1033 autem
442 973 594 1034 dicebant
613 970 787 1054 Megarici,
810 992 872 1032 non
895 992 960 1031 esse
983 993 1039 1050 ea,
1061 992 1152 1054 quae

96 1079 136 1141 ab
159 1079 296 1140 essentia
318 1090 392 1141 sunt
415 1080 556 1159 diversa,
588 1090 698 1163 postea
727 1079 844 1140 iterum
873 1078 967 1150 Plato
992 1079 1155 1164 perstrin-

95 1193 153 1271 git.
197 1185 237 1250 Id
260 1188 345 1250 enim
368 1199 468 1273 agunt
488 1188 665 1269 uberiores,
686 1209 769 1272 qnae
791 1187 824 1249 in
838 1187 987 1271 Sophiste
1004 1206 1155 1268 sequun-

46 1310 48 1315 ’
95 1304 170 1374 tur,
193 1295 233 1356 de
255 1285 362 1380 ταύτῷ
379 1304 410 1355 et
427 1293 553 1379 θατέρῳ
576 1294 821 1378 disputationes.
867 1293 997 1356 Etenim
1014 1313 1055 1354 ex
1074 1293 1156 1354 Pla.

65 1433 72 1451 ι
99 1401 184 1466 tonis
209 1409 318 1463 mente
340 1414 413 1461 sunt
436 1400 531 1462 etiam
564 1399 604 1460 ui
633 1391 826 1479 ἀντικείμενα
852 1396 912 1459 τοῦ
933 1386 1046 1474 ὄντος,·
1073 1409 1157 1459 sunt

94 1505 423 1596 ἓτερυνέκείνου
466 1508 591 1594 (Soph,
620 1533 651 1594 p.
669 1508 739 1574 258.
761 1509 825 1587 b.).
865 1507 1017 1569 Nocens
1046 1503 1158 1587 igitur

95 1615 161 1682 non
182 1627 230 1680 est
244 1617 391 1697 negatio,
421 1626 456 1677 ut
476 1616 520 1675 ita
544 1617 665 1694 dicam,
688 1618 768 1676 entis
790 1635 849 1698 per
869 1633 919 1691 se,
940 1613 995 1674 sed
1011 1612 1157 1674 diversi-

95 1740 143 1793 tas
163 1734 289 1787 tantum
310 1724 349 1783 ab
363 1743 414 1801 co,
438 1743 522 1805 quae
543 1732 648 1783 tamen
668 1723 804 1806 quodam
821 1720 916 1782 modo
929 1721 1055 1784 siteins
1072 1743 1159 1804 par-

94 1835 220 1917 ticeps,
244 1853 374 1893 necesse
393 1830 486 1916 est2).
529 1833 605 1909 Quo
620 1831 707 1891 enim
720 1841 813 1914 pacto
832 1830 926 1892 aliter
939 1852 1005 1892 esse
1019 1832 1159 1914 posset?

44 1975 54 2015 χ
97 1940 170 2020 Qua
193 1939 232 2000 de
254 1962 289 2002 re
311 1939 565 2024 locupletissime
586 1941 730 2024 disputat
742 1942 832 2003 Plato
852 1939 885 2000 in
904 1940 1003 2024 Soph.
1025 1964 1056 2025 p.
1075 1941 1157 2006 258.

98 2047 130 2109 d.
154 2055 188 2109 et
210 2069 276 2129 seq.
319 2048 419 2139 Cuius
441 2022 728 2151 argumentationis
747 2070 869 2110 summa
893 2056 941 2112 est
960 2048 1059 2113 haec:
1080 2046 1160 2110 Ens

98 2153 194 2215 etiam
214 2176 279 2216 non
302 2176 368 2216 esse
378 2199 392 2229 ,
414 2165 447 2219 et
470 2177 536 2218 non
556 2156 623 2219 Ens
645 2156 786 2240 quodam
812 2156 908 2220 modo
932 2179 998 2218 esse
1018 2153 1157 2228 debere,

95 2261 199 2344 quue
214 2263 395 2345 patefacere
422 2273 454 2325 et
470 2264 633 2326 illustrare
655 2264 785 2326 videtur
812 2263 889 2344 illa,
912 2263 1047 2349 quaein
1067 2263 1159 2327 Par-

98 2366 396 2432 menide'extremo
411 2377 458 2452 (p.
485 2369 553 2433 166.
577 2374 616 2448 c.)
639 2352 863 2431 obscurissime
892 2368 1076 2441 dicuntur„
1101 2372 1159 2435 Si-

45 2459 47 2463 ·
95 2477 219 2539 militer
239 2497 322 2560 quae
342 2476 459 2537 deinde
477 2473 524 2559 (p.
540 2476 609 2559 259·
632 2474 676 2563 e.)
692 2476 732 2537 de
753 2496 862 2548 rernm
882 2477 1055 2559 generibus
1080 2501 1156 2543 non

98 2585 285 2670 separandis
304 2583 348 2644 ait
369 2584 484 2656 Plato,
510 2604 548 2644 ea
571 2582 690 2668 pariter
714 2593 810 2668 atque
833 2584 890 2646 illa
910 2609 941 2670 p.
963 2590 1034 2652 251.
1058 2609 1088 2656 c.
1110 2590 1160 2652 ad

95 2672 323 2756 Antistlrenem
350 2691 550 2777 potissimum
569 2691 877 2775 reprehendendum
903 2693 987 2756 dicta
1002 2717 1070 2758 esse
1096 2720 1158 2782 pa·

98 2811 153 2869 tet.
207 2801 310 2863 Erant
338 2800 425 2860 enirn
452 2799 677 2862 adolescentes
707 2800 860 2882 quidam,
892 2822 1049 2887 senesque
1078 2826 1159 2867 sero

97 2908 278 2993 sapientes,
300 2906 410 2990 inquit
443 2906 555 2978 Plato,
586 2907 643 2988 qni
676 2928 887 2990 permagnam
909 2911 969 2972 sibi
993 2913 1158 2994 reperisse

99 3016 301 3091 viderentur,
324 3014 349 3076 si
363 3013 514 3091 dixerint,
529 3005 572 3084 ὦς
583 3006 791 3072 αδύνατοντά
810 3036 842 3074 τε
858 3015 961 3077 πολλὰ
984 3011 1025 3078 ἓν
1042 3014 1099 3078 καί
1113 3017 1154 3081 τᾶ

98 3112 141 3183 ἓν
155 3119 256 3182 πολλοὶ
272 3112 352 3182 εἶναι
362 3169 371 3199 ,
389 3117 445 3181 καὶ
460 3114 498 3201 δή
515 3141 577 3180 που
593 3115 772 3203 χαίρουσιν,
789 3111 847 3180 οὐκ
862 3119 974 3193 ἐῶντες
992 3113 1124 3203 ἀγαθὰ
1135 3144 1157 3184 ν

98 3228 199 3310 λέγειν
231 3218 477 3310 ἄνθρωπον,
509 3217 590 3286 ἀλλὰ
614 3222 649 3286 vd
673 3223 732 3304 μὲν
758 3215 904 3306 ἀγαθόν,
931 3218 1074 3309 ἀγαθόν,
1095 3226 1157 3289 τὸν

103 3334 139 3398 δὲ
159 3324 328 3420 ἄνθρωπον
334 3383 345 3414 ‚
373 3322 541 3417 ἄνθρωπον
557 3334 600 3407 3).

104 3532 339 3550 ffl—

157 3634 185 3708 1)
200 3635 480 3691 Schleiermacherum
500 3636 530 3688 in
548 3634 605 3689 -hac
625 3651 654 3688 re
675 3633 800 3707 sequitur
824 3633 907 3688 etiam
929 3633 963 3690 G.
982 3634 1074 3687 Groen
1097 3651 1154 3688 vau

206 3731 374 3800 Prinsterer,
401 3733 558 3804 Prosopogr.
584 3733 654 3789 Plat.
677 3749 707 3804 p.
730 3747 773 3802 71.
798 3737 827 3783 et
848 3730 904 3783 Ast.
923 3729 957 3783 de
976 3730 1003 3784 P.
1022 3729 1054 3784 V.
1075 3735 1103 3781 et
1121 3729 1153 3803 S,

208 3843 237 3896 p.
256 3844 315 3882 ror.

157 3918 187 3992 2)
203 3921 326 3975 Brendis.
346 3921 380 3975 de
400 3921 478 3994 perd.
494 3921 579 3981 Arist.
595 3923 664 3977 libb.
683 3941 710 3994 p.
728 3924 771 3976 62.

157 4015 192 4086 3)
214 4012 282 4066 lldd.
306 4014 390 4087 Snph.
414 4035 443 4088 p.
463 4021 524 4075 260.
545 4019 575 4078 b.
599 4038 626 4091 p.
648 4022 708 4089 257.
728 4018 754 4072 d.
775 4017 860 4072 Parin.
879 4031 908 4086 p.
926 4013 983 4081 142.
1004 4028 1028 4068 a.
1049 4014 1108 4071 161.
1125 4027 1152 4065 ἃ.

210 4105 439 4185 Theaetp.189·
458 4100 558 4184 Cratyl.
577 4132 604 4188 p.
626 4111 686 4186 429.
704 4129 728 4167 c.
