2626 4732
534 433 577 450 ..
619 401 662 475 79
704 431 747 451 ..

210 569 269 633 sin
286 567 351 634 hoc
369 569 464 656 ipso,
494 569 585 654 qnod
608 568 644 632 in
672 565 843 635 elementis
866 566 1031 634 dialectici
1048 565 1180 651 docent,

110 698 193 764 qno
224 677 323 741 modo
352 678 496 742 iudicare
527 686 694 763 oporteat,
722 701 838 745 serum
864 676 1028 743 falsumne
1056 679 1114 758 sit,
1151 679 1183 743 si

124 787 206 873 qnid
224 788 268 849 ita
282 807 473 850 connexum
486 796 553 865 est,
575 795 612 848 nt
624 784 708 850 hocs
730 787 757 848 si
777 785 847 849 dies
868 795 916 849 e'st
931 786 1020 850 lucet
1030 813 1039 863 ς
1061 798 1184 872 quanta

125 896 295 961 contentio
309 897 379 959 est?
420 893 527 958 Aliter
549 894 695 957 Diodoro
711 897 759 975 1),
782 895 878 957 aliter
899 894 1054 974 Philoni,
1076 896 1180 982 Chry·

123 1008 217 1094 sippo
241 1008 336 1070 aliter
355 1003 494 1090 placet«
517 1002 604 1072 Add.
629 998 756 1069 de'Fat.
775 1004 806 1069 6.
829 1013 863 1067 ct
879 1005 1029 1089 Appulei.
1057 1005 1097 1068 de
1126 1005 1182 1067 ha-

122 1115 229 1179 titud.
252 1114 357 1181 doctr.
384 1109 540 1179 Platlll.
582 1134 614 1197 p.
638 1112 708 1177 216.
742 1112 818 1177 Vol.
847 1111 894 1175 ΙΙ.
921 1112 993 1196 Bip.
1019 1114 1077 1197 qni
1101 1112 1184 1178 haec

123 1223 246 1287 habete
274 1223 363 1285 »Nec
385 1220 506 1282 frustra
524 1220 762 1285 constituerunt
777 1219 953 1298 dialectici,
976 1241 1052 1283 eum
1070 1243 1186 1285 verum
1205 1219 1207 1224 ’

124 1332 260 1397 moelem
277 1350 374 1410 esse,
404 1329 497 1392 cuius
519 1328 691 1393 adversum
716 1307 970 1391 illationis'cum
992 1329 1095 1392 altera
1129 1350 1187 1394 ac·

127 1438 279 1524 ceptione
307 1437 397 1501 tollit
415 1417 588 1522 reliquam.
629 1440 673 1502 At
693 1438 797 1502 Stoici
822 1437 956 1521 quidem
975 1445 1101 1501 tantum
1126 1460 1184 1502 ne·
1272 1474 1277 1484 ·

129 1545 236 1632 galim
262 1544 423 1631 particula
452 1547 636 1632 praeposita
664 1555 779 1632 putent
807 1544 989 1608 illationem
1015 1541 1184 1628 'secutari,

127 1653 184 1719 vel
204 1673 246 1715 ex
264 1653 557 1740 praepositionibus
580 1658 715 1719 alteram
735 1654 808 1717 tolli
823 1655 879 1733 ²),c

213 1761 267 1825 Lis
286 1758 387 1846 igitur
408 1762 443 1824 in
467 1784 507 1826 eo
537 1774 705 1840 versatur,
744 1746 834 1847 qnod
863 1761 1052 1849 Chrysippo
1083 1783 1184 1825 omne

129 1892 314 1951 connexnm
335 1872 462 1937 'verum
490 1893 559 1937 esse
587 1871 738 1951 videtur,
785 1871 879 1936 onius
905 1892 1115 1954 consequens,
1158 1872 1186 1934 si

127 1979 290 2045 contrarie
311 1962 453 2064 positum
474 1979 535 2061 sit,
565 1989 729 2066 repugnet
759 1979 967 2042 antecedenti.
1009 1983 1100 2060 Quae
1130 1980 1190 2043 de·

127 2088 234 2152 linitio
254 2108 330 2150 cum
358 2087 522 2152 sententia
543 2088 636 2169 eius,
658 2076 699 2151 sle
717 2107 757 2150 eo
783 2070 876 2168 qnod¹
894 2083 965 2147 fieri
991 2087 1109 2170 possit,
1143 2096 1192 2149 est
1301 2122 1309 2135 ι

131 2193 409 2262 coniunctissima.
451 2195 604 2260 Veritatis
626 2193 712 2257 enim
741 2194 901 2256 indicium
927 2192 1008 2277 petit
1036 2214 1054 2252 e
1088 2215 1190 2276 repn-

131 2302 282 2388 gnantise
300 2302 455 2368 absentia.
498 2305 539 2369 Id
552 2324 630 2369 veno
649 2308 783 2373 tantum
797 2302 888 2364 abest
912 2311 949 2362 nt
961 2299 1108 2363 Diodoro
1137 2323 1190 2363 se-

104 2398 117 2411 ’
132 2410 297 2490 tisfaciat,
316 2421 353 2474 ut
368 2413 394 2476 is
411 2413 541 2476 nullum
568 2434 679 2499 verum
705 2433 773 2476 esse
790 2407 966 2471 sibitretur
990 2430 1187 2488 connexum,
1252 2403 1259 2419 '

132 2518 227 2602 qnod
243 2537 308 2580 non
326 2522 510 2583 necessaria
527 2529 560 2585 ct
573 2523 703 2584 interna
718 2520 759 2584 ab
776 2515 865 2583 omni
886 2516 1075 2580 aeternitate
1110 2539 1188 2579 con·

132 2626 305 2710 sequentia
324 2628 563 2713 coniungatur.

216 2733 334 2799 Affinis
356 2746 406 2800 est
426 2737 562 2801 Diodori
592 2737 634 2802 de
672 2733 840 2817 Ambiguis
868 2728 1048 2814 sententia,
1089 2752 1189 2816 qnam

136 2826 216 2909 ilem
233 2847 435 2931 oppugnavit
455 2846 668 2935 Chrysippus.

301 2951 338 3016 Α.
360 2952 509 3036 Gellius,
543 2956 581 3019 N.
600 2953 639 3016 A.
660 2953 715 3016 Xi.
740 2971 787 3022 η.

217 3057 444 3145 »Chrysippus
484 3061 548 3139 ait,
584 3082 681 3124 omne
708 3059 846 3126 verbum
866 3054 1054 3140 ambignum
1075 3062 1191 3116 natura

134 3188 223 3245 esse,
265 3168 423 3250 quoniam
451 3192 493 3234 ex
524 3170 651 3235 eodem>
678 3169 732 3232 vel
777 3167 874 3252 plura
905 3164 1012 3250 accipi
1036 3171 1190 3249 possunt.

133 3274 299 3339 Diodorus
321 3283 440 3356 eutem,
463 3275 518 3339 cui
538 3279 647 3341 Crono
669 3283 922 3362 cognomentum
941 3273 1021 3354 fuit,
1042 3268 1189 3344 Nullum,

136 3382 268 3466 inquit,
297 3384 429 3447 verbum
451 3398 499 3447 est
520 3387 718 3467 ambiguum:
745 3384 990 3468 necquicquam
1010 3379 1190 3458 ambiguum

134 3491 218 3554 dicit
237 3503 293 3554 aet
312 3493 428 3577 septim
460 3513 566 3578 neque·
592 3492 685 3556 eliud
714 3489 782 3554 dici
811 3488 922 3557 videri
946 3488 1039 3551 debet
1048 3529 1063 3559 ,
1092 3505 1189 3570 quam

142 3598 233 3684 quod
251 3621 285 3662 se
306 3601 414 3665 dicere
435 3602 533 3663 sentit
553 3600 601 3676 is,
623 3600 680 3685 qui
701 3598 792 3667 dicit.
832 3598 875 3660 At
894 3616 996 3681 quum
1019 3611 1101 3674 ego,
1133 3589 1189 3650 in·

136 3706 228 3791 quit,
250 3706 347 3770 aliter
367 3707 472 3788 sensi,
516 3713 555 3772 tu
583 3706 676 3772 alind
707 3705 880 3793 accepistis
921 3700 1059 3768 obscure
1088 3693 1188 3782 magis

140 3852 385 3868 ᾖ

174 3955 206 4027 ι)
240 3955 354 4028 Egregie
369 3957 410 4009 ita
426 3957 519 4010 Datis.
534 3974 586 4030 pro
602 3958 678 4030 vulg.
698 3955 833 4014 Diodoto.

171 4075 209 4152 2)
241 4077 342 4131 litatio
360 4084 403 4130 est
419 4076 561 4151 ἐπιφορά,
581 4078 707 4147 acceptio
725 4075 833 4146 λῆμμα,
846 4074 1020 4147 praepositio
1037 4069 1185 4146 πρότασις.

169 4184 172 4189 “
243 4172 329 4229 vides
347 4173 516 4247 Appuleium
533 4171 689 4227 Stoicorum
704 4170 746 4225 uti
762 4169 930 4233 nominibus.
