2626 4732
511 333 871 401 ffi-rrw
978 300 1059 387 Ἠ

221 500 224 507 '
271 496 473 584 Chrysippus
498 520 595 584 porro
617 498 747 562 Stoicus
777 498 915 562 eandem
940 496 1077 562 Diodori
1107 507 1241 563 senten.

131 591 134 601 ¹
185 607 263 670 tiam
283 610 439 671 acerrime
463 608 679 693 oppugnavit.
720 607 823 670 Cuius
844 608 894 672 rei
913 607 1109 670 Ciceronem
1138 608 1241 672 habe·

183 735 256 777 mus
287 727 454 780 auctorem
482 716 712 803 gravissimum.
755 715 810 781 Sic
829 717 918 779 enim
933 715 1115 801 alloquitur
1132 716 1242 804 Chry-

182 821 330 908 sippum,
353 824 395 891 de
417 828 498 889 Fato
517 846 546 893 e.
564 847 594 909 7.

144 958 147 964 ’
244 961 312 1020 ‚At
337 960 419 1040 hoc,
450 959 650 1047 Chrysippo,
683 942 820 1022 minime
839 957 902 1022 ris:
938 958 1145 1042 maximeque
1176 958 1241 1022 tibi

183 1064 224 1128 ds
244 1062 309 1127 hoo
332 1066 403 1148 ipso
427 1083 502 1129 cum
526 1067 672 1129 Diodoro
696 1073 860 1128 certamen
882 1072 960 1134 est.
984 1064 1064 1128 rllle
1088 1065 1177 1126 eninr
1204 1066 1242 1130 id

182 1170 289 1233 solum
305 1169 375 1234 fieri
394 1193 488 1257 posse
505 1170 604 1251 dicit,
627 1170 717 1255 quoti
742 1179 797 1233 aut
827 1171 869 1234 sit
892 1191 1024 1250 verum,
1061 1181 1118 1233 aut
1145 1173 1242 1236 futu.

180 1298 255 1341 rum
275 1277 316 1340 sit
331 1299 465 1363 verume
487 1284 539 1358 et,
561 1276 723 1363 quidquid
737 1277 885 1341 futurum
909 1278 969 1358 sit,
1003 1276 1037 1340 id
1064 1277 1144 1341 dicit
1165 1280 1242 1344 fieri

181 1407 313 1449 necesse
336 1407 426 1466 esse,
456 1394 488 1450 et
515 1368 679 1470 quidquid
706 1406 773 1467 non
800 1385 842 1448 sit
871 1385 1043 1463 futurum,
1081 1384 1116 1447 id
1141 1397 1242 1472 negat

180 1493 253 1556 fieri
272 1513 396 1579 possea
420 1493 491 1571 Tu,
513 1500 651 1574 atquae
672 1513 738 1553 non
766 1501 843 1554 suut
870 1493 999 1572 futura,
1038 1512 1132 1575 posse
1166 1492 1241 1555 fieri

180 1599 280 1680 diois,
302 1608 339 1662 nt
367 1597 475 1682 frangi
497 1596 583 1659 hano
608 1619 781 1682 gemmam,
814 1597 912 1661 etiam
941 1597 969 1661 si
995 1597 1030 1660 id
1061 1620 1241 1685 numquam

180 1708 331 1771 futurum
358 1706 422 1771 sit:
460 1727 569 1789 neque
608 1727 739 1769 necesse
764 1705 865 1768 fnisse
892 1707 1068 1790 Cypselum
1101 1730 1241 1793 regnare

184 1814 355 1894 Corinthi,
388 1835 585 1898 quamquam
605 1812 641 1876 id
669 1813 844 1876 millesimo
865 1824 940 1876 ante
963 1807 1050 1876 rinno
1074 1815 1242 1900 Apollinis

158 1923 315 2004 ‘oraculo
348 1920 473 1985 editum
509 1930 601 1984 esset.
644 1921 687 1983 At
725 1921 753 1984 si
790 1921 852 1985 ista
874 1921 1100 2007 comprobabis
1128 1924 1243 1988 divina

177 2031 369 2119 praedicta:
407 2038 440 2091 et
465 2048 549 2113 quae
568 2027 650 2093 falsa
667 2028 702 2091 in
723 2029 843 2094 futuris
866 2028 1037 2110 dicentur,
1049 2030 1093 2092 .in
1110 2031 1163 2094 his
1177 2032 1243 2095 ba·

181 2139 273 2202 bebio
294 2147 390 2215 ntea
410 2138 482 2201 fieri
504 2159 569 2200 uon
593 2137 734 2222 possint:
769 2145 824 2217 ut,
862 2137 889 2200 si
912 2137 1057 2220 dicatur,
1094 2142 1240 2230 *Fabium

182 2247 218 2310 in
242 2247 322 2310 muri
344 2247 550 2333 periturum,
583 2256 617 2310 et
638 2247 764 2309 sivero
787 2244 916 2309 dicatur
942 2247 982 2309 de
1012 2249 1147 2325 futuro,
1188 2249 1240 2314 id-

181 2375 246 2440 que
268 2355 312 2417 ita
332 2356 480 2419 futurum
501 2357 561 2435 sit,
599 2362 637 2417 ut
655 2353 683 2417 si
707 2354 833 2418 dicatur
873 2354 1065 2420 Africanum
1093 2357 1241 2421 Kartha·

180 2461 257 2546 gine
278 2462 478 2547 potiturum,
509 2463 598 2527 dieas
619 2482 689 2526 esse
712 2461 960 2530 neccessarium.
982 2463 1077 2545 Quae
1099 2475 1149 2527 est
1170 2476 1242 2532 tota

180 2571 319 2633 Diodori
338 2572 431 2636 robis
461 2571 596 2634 inimica
617 2570 789 2637 sententia.
822 2581 857 2634 et
876 2593 908 2658 92
932 2595 957 2639 s.
979 2575 1055 2644 coll.
1076 2575 1146 2645 Fat.
1165 2600 1240 2664 oap.

181 2699 214 2762 9.
234 2676 307 2741 init.
328 2676 432 2762 Epist.
449 2679 524 2742 fam.
535 2679 587 2747 IX.
597 2679 628 2759 4.
649 2678 842 2762 Hieronym.
863 2678 934 2745 adr.
953 2679 1063 2766 Pelag.
1079 2706 1112 2770 p.
1127 2686 1199 2770 557.
1210 2709 1241 2754 e,

187 2785 361 2870 Angustin.
384 2788 454 2852 Cir.
474 2787 548 2850 Dei.
570 2784 613 2876 V.
641 2807 688 2852 ro.
709 2785 829 2850 Enseb.
858 2791 895 2853 P.
915 2785 954 2852 Ε.
976 2784 1037 2867 v1.
1054 2813 1084 2875 7.
1104 2814 1137 2878 p,
1168 2794 1242 2863 150.

148 2962 150 2967 ,
185 2916 252 2979 seq.
274 2896 312 2963 R.
334 2894 447 2980 Steph.
772 2887 773 2890 '

268 3001 378 3086 Atque
408 3002 500 3064 nulla
525 3004 594 3066 fere
625 3003 816 3088 quaestione
848 2999 950 3085 magis
981 3002 1133 3072 delectati
1159 3019 1241 3076 sunt

186 3107 301 3175 Stoici.
344 3109 518 3195 Chrysippi
540 3110 674 3195 quidem
695 3120 849 3195 quattuor
862 3110 1028 3176 exstabant
1049 3110 1124 3200 περὶ
1140 3116 1241 3181 onra-

164 3215 248 3279 τῶν
269 3215 346 3278 libri
361 3219 406 3299 1),
429 3241 448 3282 e
467 3217 586 3304 quibus
607 3221 744 3283 fortasse
766 3220 954 3306 desumptus
973 3229 1023 3287 est
1038 3220 1131 3286 locus
1150 3224 1239 3311 apud

291 3567 332 3621 ait
346 3566 524 3634 Harduinns‚
551 3569 629 3622 sede
646 3570 714 3625 vitio
734 3572 917 3629 librariorum.
955 3546 1070 3629 Deinde¹
1089 3575 1239 3646 κερατίνης

294 3662 379 3717 etiam
395 3681 412 3716 a
426 3662 548 3716 Luciauo
565 3665 771 3739 perstringitur,
793 3668 848 3721 vit
865 3669 946 3729 Aust.
964 3688 1006 3724 aa.
1022 3687 1050 3740 p.
1070 3667 1131 3725 56³.
1156 3670 1191 3725 T.
1212 3672 1236 3732 1,

293 3757 466 3822 Hemsterb.,
495 3757 545 3809 ubi
558 3758 630 3813 mals
646 3758 789 3836 raptarier
800 3762 946 3835 legendum
966 3782 1026 3820 esse
1044 3765 1164 3818 coniecit
1184 3763 1238 3817 So·
1296 3764 1299 3771 '

292 3852 380 3919 ranna.
416 3850 485 3906 aaa.
503 3851 578 3913 oen.
593 3854 627 3910 N.
641 3854 672 3911 a.
690 3857 712 3909 1.
728 3858 756 3913 a.
1032 3848 1036 3861 “

227 3979 256 4051 ι)
286 3978 367 4048 Diog.
383 3977 413 4034 L.
429 3978 486 4035 Vll.
508 3962 565 4051 rpr.
586 3981 646 4042 rid.
667 3985 785 4056 Bagra.
813 3964 849 4040 sle
873 3988 1022 4072 Chrysippi
1039 3975 1123 4051 ritn,'
1146 3972 1243 4043 doctr:

295 4080 324 4127 et
341 4074 479 4149 reliquiis.
515 4076 628 4148 (boran.
651 4080 738 4154 rhua)
758 4099 786 4153 p.
814 4085 871 4138 126.
890 4101 931 4158 sq.
