2626 4732
621 402 830 474 ...68-

196 554 291 634 oride's
310 571 346 651 1).
400 567 483 649 Quis
504 587 571 630 non
592 570 698 651 videt,
729 572 910 635 Eleaticum
934 572 1070 657 quidem
1091 573 1256 641 rationem

172 664 175 669 ’
202 693 325 765 tempus
344 675 442 739 simul
465 684 497 737 et
517 679 655 760 spatium
675 677 877 741 individuum
898 680 1080 764 respicere,
1109 684 1254 768 Megari-

201 809 274 852 cam
295 796 404 848 autem
433 793 608 867 utrumque
640 786 811 868 separatim
838 791 995 852 tractare?
1035 791 1159 854 Verum
1172 782 1251 855 ¹una

130 891 134 898 ⁷
200 897 379 979 eademqne
405 892 559 955 ambobus
581 893 665 956 inest
677 893 731 957 'vis
761 903 794 956 et
819 894 1010 958 necessitas=
1045 917 1148 979 eaque
1183 921 1254 963 ma·

199 1015 257 1067 nat
278 1027 320 1068 ex
337 991 487 1067 ¹omniurn
509 1003 649 1086 unitate,
672 1001 812 1085 partium
833 1019 965 1098 prorsus
980 1015 1121 1088 experte.
1148 1007 1252 1086 Quod

199 1123 308 1197 autem
330 1114 453 1177 dictum
474 1121 542 1191 est,
570 1132 666 1173 omne
697 1111 786 1194 quod
812 1121 981 1175 moveatur
1001 1136 1084 1176 nunc
1110 1114 1250 1195 moveri,

199 1223 234 1286 id
256 1231 305 1286 est
325 1244 365 1285 eo
388 1219 541 1304 temporis
562 1226 704 1303 puncto,
730 1217 818 1301 qnod
834 1240 941 1302 neque
955 1223 1121 1309 praeteriti
1139 1244 1250 1307 neque

198 1329 302 1392 futuri
330 1327 509 1412 quidquam
535 1327 570 1387 in
599 1348 633 1389 se
661 1325 843 1404 contineat,
885 1328 1014 1411 egregie
1044 1330 1079 1392 id
1113 1332 1252 1415 quidem

196 1436 385 1524 perstringit
406 1435 616 1512 Aristoteles,
637 1432 735 1516 Phys.
758 1436 855 1494 Ansc.
876 1433 935 1498 Vl.
956 1434 985 1497 5.
1015 1438 1141 1500 Motum
1158 1439 1251 1504 enim

191 1546 232 1607 'in
254 1556 399 1629 tempore
421 1544 493 1612 fieri
515 1543 616 1623 dicit,
639 1534 794 1626 quoniam
815 1541 882 1625 ipse
904 1544 1046 1627 partibus
1069 1547 1250 1631 distingua-

133 1729 136 1735 ι
196 1663 260 1720 tur.
301 1653 443 1740 Easdem
472 1674 550 1719 vero
582 1651 736 1734 temporis
765 1669 833 1712 esse
861 1651 1038 1720 divisiones
1065 1678 1102 1719 ac
1128 1669 1248 1722 motus.

195 1765 237 1831 V.
258 1761 355 1844 Phys.
380 1761 439 1827 Vl.
460 1760 492 1836 4.
514 1761 655 1842 Metaph.
679 1762 718 1822 X.
738 1784 769 1845 p.
792 1759 863 1836 234.
884 1759 936 1821 Br.
970 1762 1096 1839 Quibus
1126 1765 1249 1827 Eleati-

201 1891 272 1933 cam
292 1867 413 1953 pariter
442 1886 479 1928 ac
507 1866 704 1950 Megaricam
733 1850 894 1929 rationem
924 1869 1056 1938 refutat.
1098 1871 1251 1935 Tertium
1293 1920 1296 1925 ·

197 1977 342 2059 denique
365 1982 591 2056 argumentum
617 1994 684 2036 non
708 1985 774 2053 est,
806 1973 896 2056 quod
925 1974 1131 2057 dubitemus,
1165 1979 1251 2062 quin

88 2145 91 2152 ,
192 2083 267 2169 ,ipse
299 2081 468 2144 Diodorus
506 2080 679 2144 invenerit·
729 2083 809 2145 Nam
836 2081 930 2142 illum
960 2084 1110 2165 quidem,
1149 2107 1252 2168 quem

197 2191 292 2278 pouit
315 2176 484 2274 duplicem
514 2199 656 2269 motum,
686 2190 802 2253 referri
833 2190 937 2252 nolim
968 2192 1009 2255 ad
1038 2195 1252 2259 Aristotelicas

149 2345 151 2351 .
197 2297 319 2360 illude
342 2306 432 2358 motu
454 2294 620 2359 dimidiato
643 2307 840 2380 argumenta.
883 2297 979 2383 Phys·
1002 2298 1100 2361 Ansc.
1132 2299 1251 2381 VM,

187 2406 228 2474 ·6.
250 2407 316 2468 Sed
334 2405 396 2468 hoc
418 2412 507 2487 patet
529 2403 646 2482 latius,
669 2425 767 2485 quam
787 2424 847 2488 pro
867 2402 930 2465 hac
953 2405 1141 2489 scriptione.

282 2517 392 2577 Unum
413 2519 521 2577 restat.
562 2510 761 2594 lllagnopcre
793 2522 866 2574 aute
896 2513 1005 2574 omnia
1025 2513 1089 2576 hoc
1111 2514 1143 2574 in
1166 2515 1251 2579 Dio·

202 2623 283 2687 doro
310 2617 581 2705 reprehenditur,
614 2618 703 2700 quod
735 2641 834 2702 quem
856 2629 980 2682 motum
1008 2621 1251 2706 inpraesentia

203 2732 272 2795 lieri
298 2751 391 2816 posse
414 2737 529 2813 neget,
552 2749 626 2789 eum
648 2726 683 2788 in
705 2728 879 2812 praeterito
904 2729 992 2792 dicat
1018 2751 1086 2793 esse
1113 2731 1251 2799 lactum.

203 2844 279 2921 Quo
301 2860 361 2922 ego
383 2859 457 2903 eum
477 2844 669 2920 argumento
691 2836 738 2898 sic
760 2858 853 2898 nsum
876 2859 945 2903 esse
965 2847 1064 2922 puto,
1086 2845 1252 2903 uteorum

205 2947 383 3009 calumnias
405 2945 584 3028 effugeret,
616 2943 673 3026 qui
694 2947 994 3008 sensuumindicio
1016 2946 1111 3026 freti,
1141 2949 1251 3010 omnia

205 3050 435 3132 undecumque
464 3049 588 3139 moveri
615 3033 863 3115 contenderent.
911 3051 998 3114 lllnd
1027 3075 1131 3115 uuum
1161 3046 1251 3119 enim

205 3156 329 3222 moveri
357 3179 422 3218 non
446 3178 559 3240 posse,
582 3177 650 3240 per
678 3178 711 3218 se
744 3165 843 3238 patet.
887 3159 924 3220 ld
951 3164 1040 3244 quod
1062 3163 1250 3227 individuas

202 3267 274 3332 eius
294 3272 401 3349 partes
423 3262 576 3347 ponendo
598 3262 730 3325 videtur
755 3263 901 3328 indicare
919 3270 1069 3337 voluisse.
1112 3271 1147 3333 si
1169 3271 1251 3356 quid

204 3383 313 3437 autem
335 3372 367 3432 in
393 3370 458 3430 alio
479 3391 591 3433 revera
609 3371 682 3434 loco
699 3372 958 3457 conspiceretur,
979 3394 1098 3451 motum
1116 3379 1252 3463 quidem

205 3492 299 3546 antea
320 3502 386 3543 esse
410 3477 635 3564 (κεκινῆσθαι),
658 3482 685 3542 si
707 3481 752 3542 ita
772 3481 915 3566 placeret
936 3487 1145 3561 adversariis,
1169 3508 1251 3550 con·

206 3589 359 3665 cedebat,
381 3608 579 3669 quamquam
600 3571 723 3650 moveri
747 3587 962 3672 inpraesenti
996 3613 1062 3653 nou
1084 3615 1177 3677 posse
1199 3598 1252 3658 sa-

205 3699 248 3760 tis
270 3695 332 3758 sibi
352 3693 517 3757 videretur
539 3692 781 3760 demonstrasse.
823 3692 913 3756 Nihil
941 3696 1039 3780 igitur
1066 3698 1156 3761 aliud
1177 3722 1252 3783 age.-

204 3808 271 3889 hat,
293 3827 395 3896 quum
410 3815 533 3865 motum·
540 3799 666 3887 aliquid
683 3825 748 3865 esse
763 3803 914 3888 ponebat,
937 3827 1035 3890 quam
1049 3828 1152 3869 unum
1166 3806 1252 3871 illud

207 3961 408 3979 mnu—-

245 4042 277 4116 ι)
294 4043 337 4094 Ita
352 3991 465 4115 quidem
480 4037 508 4090 h.
519 4038 538 4092 l.
553 4038 802 4110 interpungendum
819 4040 929 4118 putavi.¹
948 4043 991 4098 De
1005 4060 1034 4097 re
1047 4060 1072 4099 r.
1089 4043 1187 4119 Simpl.
1198 4045 1248 4102 fot

302 4138 345 4195 36.
361 4136 392 4200 b.
406 4134 538 4193 Themis.
557 4134 577 4192 i.
594 4134 637 4192 55.
654 4133 684 4190 b.
