2626 4732
546 375 754 442 ..31-

127 549 184 634 qni
204 544 296 609 addit
317 543 432 622 etiam,
454 561 524 605 sese
545 538 580 599 in
599 537 651 603 his
665 541 801 626 vestigia
813 560 988 626 agnoscere
1009 539 1181 606 doctrinae

127 664 315 718 nostrorum
335 651 580 737 Theologorum
599 651 639 713 de
659 651 738 713 boni
754 650 897 734 malique
917 651 952 712 in
973 652 1097 714 mondo
1119 675 1180 716 na·

126 773 221 825 turae
240 782 355 846 parum
377 768 484 821 autem
506 758 617 823 abesse
637 759 718 843 quin
731 758 889 822 Euclides
908 759 943 820 in
966 780 1082 821 eorum
1102 759 1182 846 phi-

127 870 335 955 losophorum
348 889 445 955 grege
464 866 685 934 numerandus
694 889 761 929 esse
777 867 942 944 videatur,
965 868 1023 951 qui
1045 870 1182 933 samon

129 978 213 1041 duco
236 978 366 1040 nnllam
378 981 486 1039 Deum
508 984 709 1060 agnoscunt,
734 975 796 1036 nisi
818 975 978 1036 mundum
999 984 1032 1036 et
1052 977 1120 1040 vim
1134 976 1183 1038 di·

126 1086 234 1151 ¹vinam
255 1108 317 1169 per
338 1089 449 1149 omnia
466 1084 717 1170 pertingentem.
769 1085 875 1162 Quem
896 1082 1018 1147 leniter
1037 1092 1185 1146 tantam-

126 1195 224 1257 modo
253 1194 405 1277 obinrgat
435 1192 647 1276 Spaldiagins
669 1190 791 1267 (vind.
813 1193 896 1274 Meg.
915 1212 948 1273 p.
967 1193 1027 1269 4.)
1049 1193 1185 1269 dicens,

125 1305 244 1366 frustra
267 1324 342 1365 enm
365 1300 400 1362 in
421 1299 477 1362 his
488 1299 648 1380 laborare,
670 1309 783 1385 utpote
799 1319 884 1384 quae
907 1320 994 1362 mere
1017 1299 1082 1362 sint
1102 1299 1184 1362 Ele·

127 1410 222 1474 atica.
265 1408 369 1491 Quasi
390 1408 435 1470 ita
454 1413 561 1468 tantas
583 1429 778 1493 componere
800 1406 874 1469 lites
896 1407 943 1468 fas
965 1407 1070 1471 esset!
1093 1446 1135 1459 -

211 1518 259 1579 Ac
280 1536 358 1578 sane
382 1549 425 1564 -
455 1515 562 1577 dicam
587 1515 677 1578 enim
701 1515 792 1598 quod
821 1515 930 1577 sentio
956 1549 997 1563 -
1020 1517 1185 1580 tu'rhatum

129 1627 255 1711 aliquid
278 1647 348 1688 esse
379 1624 510 1688 videtur
538 1625 626 1708 apud
655 1626 848 1709 Diogenem.
901 1624 940 1686 ld
968 1623 1059 1707 qnod
1084 1625 1187 1708 magis

128 1734 226 1794 etiam
246 1736 454 1798 manifestum
474 1734 536 1796 erit
559 1744 746 1818 comparato
764 1735 839 1796 loco
856 1735 891 1795 L.
912 1734 988 1798 VIl.
1013 1732 1103 1811 ιδῃ,
1125 1735 1185 1815 qui
1261 1713 1263 1717 ⁷

127 1840 298 1925 Megaricis
321 1841 369 1902 nil
392 1840 455 1903 nisi
472 1862 567 1902 anam
590 1843 735 1903 virtatem
753 1849 808 1916 (ea
825 1849 933 1900 autem
950 1846 998 1901 est
1015 1831 1185 1923 φρόνησις)

127 1951 237 2011 maltis
268 1951 448 2012 nominibus
481 1951 674 2035 appellatam
703 1949 835 2012 videtur
863 1947 1020 2014 tribuere.
1068 1948 1187 2012 Noster

127 2078 205 2119 vero
224 2056 316 2120 locus
338 2067 371 2120 et
383 2060 491 2119 Deum
508 2067 542 2119 et
557 2059 700 2118 Mentem
718 2055 974 2120 etPrudentiam
988 2054 1095 2119 varias
1114 2065 1185 2118 tan·

58 2244 61 2257 ¹
128 2172 199 2226 tum
217 2164 453 2248 appellationes
474 2185 612 2225 summac
630 2165 722 2226 illins
742 2166 885 2237 castitatis,
911 2184 995 2247 qnae
1011 2164 1080 2225 sola
1099 2165 1186 2226 hone

129 2283 197 2354 est,
221 2274 346 2336 indicat
362 2292 441 2337 esse.
484 2276 577 2354 Quae
600 2271 790 2334 coniunctio
805 2281 936 2334 tamest
956 2272 1063 2333 aliena
1082 2295 1100 2333 a
1121 2272 1185 2334 So·

130 2383 227 2444 cratis
251 2383 421 2458 doctrina,
454 2402 553 2464 quam
575 2400 593 2441 a
613 2378 827 2445 Parmeniden
847 2379 1040 2447 dialectica:
1072 2402 1184 2464 neque

131 2488 234 2572 igitar
254 2509 328 2549 eum
345 2487 454 2572 aliqua
480 2488 551 2553 veri
573 2489 786 2551 similitudine
811 2488 845 2548 in
872 2486 1047 2550 Euclidem
1066 2487 1186 2550 cadere

130 2604 246 2678 potest.
290 2596 380 2674 Quin
405 2596 487 2658 haec
502 2597 625 2659 semina
640 2606 716 2663 sunt
729 2597 929 2658 Pantlceismi
942 2574 1062 2678 potins,
1084 2616 1187 2677 quem

129 2710 284 2778 vocant,¹
303 2707 463 2768 seriorum
497 2705 741 2770 Platonicorum
768 2708 825 2762 aut
852 2701 1036 2787 Optimismi
1063 2724 1184 2766 recen·

128 2809 249 2893 tiorum
267 2811 394 2896 aliquot
415 2814 678 2895 Theologorum‚
709 2807 766 2893 qui
791 2809 826 2870 in
847 2830 887 2870 eo
908 2809 1046 2873 mirifice
1076 2810 1185 2901 solent

129 2927 295 2998 aestuare,
326 2919 423 2981 utin
451 2919 621 2995 omnibus,
644 2938 871 3002 quaecumque
889 2927 968 2980 sunt
997 2929 1054 2982 aat
1081 2918 1185 2999 fiunt,

127 3025 225 3088 rebus
248 3006 333 3088 Boni
358 3036 507 3090 naturam
527 3025 710 3111 speciemve
726 3024 833 3088 inesse
854 3024 1039 3094 ostendant.

211 3134 261 3196 Ab
282 3136 430 3219 utrisque
452 3157 529 3200 vero
551 3134 670 3197 miram
688 3144 849 3218 quantum
884 3138 1038 3201 abhorret
1064 3135 1182 3223 Eucli-

129 3240 195 3304 des.
239 3244 305 3322 Qui
327 3245 407 3306 mihi
429 3245 475 3309 ita
495 3244 604 3329 potius
634 3245 771 3308 videtne
796 3248 953 3330 posuisse.
1008 3247 1184 3310 Summam

129 3349 259 3412 moralis
281 3344 448 3413 doctrinae
463 3351 667 3436 principium
688 3374 761 3414 curn
783 3353 920 3417 Platone
940 3355 1029 3419 Boni
1045 3354 1184 3436 speciem

129 3477 198 3519 essa
222 3456 376 3538 docebat,
399 3480 483 3542 qnae
505 3459 742 3544 perfectissima
764 3471 849 3524 esset
871 3463 904 3524 in
928 3462 1038 3536 divipa
1059 3468 1181 3538 mente,

128 3572 184 3624 ant
204 3568 273 3650 ipse
289 3566 387 3633 Deus.
432 3566 602 3629 Summum
635 3577 764 3644 autem,
799 3570 891 3653 qnod
923 3564 1095 3632 dialectica
1124 3565 1186 3628 sibi
1268 3559 1273 3572 ’

129 3683 359 3757 proposuerat,
390 3675 588 3760 principiam
611 3687 680 3740 erat
701 3678 866 3759 essentia,
909 3678 949 3740 ab
972 3673 1062 3739 omni
1083 3694 1185 3757 gene·

129 3780 226 3840 randi
251 3779 435 3844 diversitate
465 3791 639 3867 segregata.
688 3786 870 3868 Utrumque
902 3783 1003 3868 igitur
1029 3781 1076 3845 ita
1105 3804 1186 3845 con-

130 3885 257 3969 iunxit,
280 3897 317 3951 nt
338 3889 511 3953 discidium
532 3912 628 3972 omne
650 3904 799 3978 negaret,
818 3892 909 3976 qnod
929 3900 985 3953 ant
1003 3889 1186 3954 Essentiam

126 4017 146 4056 a
175 3999 431 4079 summobono,
462 4011 518 4064 aut
544 4003 708 4066 Unitatem
740 4003 781 4064 ab
805 3992 1063 4079 Essentia,‘ant
1078 4002 1187 4063 Deum

128 4100 271 4187 denique
284 4105 323 4169 ab
338 4106 492 4172 alterutra
510 4129 659 4195 separare
675 4109 851 4177 videretur.
894 4105 1062 4172 Summum
1078 4117 1186 4172 antem
