2626 4732
487 464 490 479 Ι
545 392 588 414 -
629 366 674 437 ω
713 365 797 417 -···

127 535 255 600 dantur.
298 530 392 611 Quae
415 527 614 615 appellatio,
635 530 832 616 quibusnam
851 549 889 592 ea
906 525 970 593 sint
996 527 1186 614 tribuenda.
1242 549 1244 553 ·

124 641 256 709 abunde
295 640 428 705 videtur
466 639 625 710 indicare.
675 640 845 723 Significat
880 641 968 703 enim
993 640 1189 707 Aristoteles-

121 749 354 817 Antisthenem
372 749 508 832 eiusque
529 749 667 812 asseclas
683 749 736 828 ¹),
776 747 811 808 in
838 747 958 830 quibus
973 749 1108 813 fortasse
1135 758 1185 814 est

124 860 224 923 etiam
241 857 300 919 ille
312 855 534 942 ‚Lycophrom
556 857 591 919 id
607 854 695 940 quod
715 865 848 940 apparet
875 876 917 919 ex
946 855 985 919 ils
1008 878 1093 940 quae
1118 859 1189 921 Me·

125 965 214 1053 tuph.
232 965 293 1044 lv,
315 985 366 1048 ²9·
384 987 416 1048 p.
441 985 511 1047 119.
530 972 562 1026 et
579 963 617 1030 L.
631 964 724 1028 VIII.
739 961 768 1030 5.
783 985 814 1047 p.
831 963 897 1047 169.
911 963 962 1025 Br.
987 962 1187 1047 dicuntum).

128 1078 173 1157 At
191 1095 258 1136 oon
278 1073 387 1137 solnm
400 1071 614 1135 Antisthenes
637 1072 681 1132 ita
701 1092 822 1155 genera
834 1069 1074 1157 ,coniungenda
1091 1089 1188 1158 sepa·-
1304 1073 1307 1078 ’

125 1184 219 1248 ravit.
247 1179 492 1265 Megaricorum
507 1177 604 1240 etiam
622 1198 661 1240 ea
673 1177 758 1241 natio
773 1170 845 1241 luit.
866 1177 940 1258 Qua
959 1178 1000 1242 de
1019 1199 1056 1242 re
1073 1177 1187 1265 postea
1295 1184 1300 1192 '

122 1290 317 1360 videbimus.
871 1282 873 1292 ’

83 1452 86 1457 ·
205 1426 320 1488 Partes
358 1427 468 1483 autem
505 1414 660 1481 orationis
688 1417 769 1482 duno
791 1418 1023 1484 tantummodo
1052 1413 1188 1506 cogitari

123 1552 245 1618 posse,
265 1551 386 1594 nomen
410 1533 509 1612 atque
531 1525 685 1608 verbum,
707 1550 792 1615 quae
825 1530 944 1615 copula
964 1550 1031 1591 uon
1060 1532 1190 1614 egeant,
1292 1612 1294 1618 Ι

127 1658 166 1706 ee
186 1638 365 1705 communIs
387 1660 452 1700 non
470 1639 578 1702 solum
604 1626 749 1714 Platonis¹
769 1636 1014 1721 primorumque
1044 1636 1190 1720 illorum,

128 1747 186 1827 sed
203 1726 572 1830 posteriorum‘quoque
585 1738 841 1806 'dialecticorum
857 1743 905 1804 eol
929 1742 1090 1811 doctrina.
1132 1746 1189 1812 Sic

125 1854 311 1920 Priscianus
331 1853 357 1933 ³)
379 1852 436 1914 aitt
468 1861 576 1937 partes
594 1851 757 1916 orationes
784 1850 876 1930 sunt,
908 1854 1088 1917 seeundum
1123 1855 1208 1945 dias

125 1963 277 2043 lecticas,
300 1963 383 2025 duae
399 1945 543 2023 {nouzon
565 1969 598 2023 et
614 1961 769 2033 verbum,
802 1961 879 2042 qnia
899 1959 960 2023 hae
984 1959 1072 2025 nolae
1094 1963 1191 2028 etism

124 2092 186 2158 per
206 2092 240 2135 se
261 2069 459 2132 coniunctae
478 2068 610 2155 plenam
637 2067 763 2130 fuciunt
783 2068 971 2130 orationem.
1013 2069 1057 2132 Et
1074 2070 1191 2158 Appu-

125 2164 210 2244 leius
223 2182 266 2260 “lt
289 2189 434 2242 ceterum
451 2187 484 2240 et
501 2176 701 2262 propositio,
723 2184 761 2237 ut
780 2175 827 2237 uit
839 2176 874 2237 in
891 2175 1072 2241 Theaeteto
1082 2181 1188 2269 Plato,

127 2287 252 2353 duabus
282 2286 490 2373 paucissimis,
516 2286 551 2364 (l.
581 2285 820 2369 paucissimum)
852 2282 1008 2349 orationis
1043 2289 1189 2372 pertibus
1242 2319 1247 2327 ’

127 2405 274 2475 constat,
303 2394 438 2468 nomine
454 2403 487 2457 et
511 2393 626 2458 verbo:
659 2393 748 2458 unde
768 2392 900 2478 quidum
921 2395 981 2455 rati
1007 2406 1100 2474 suut,
1129 2397 1187 2462 has
1278 2416 1281 2427 ¹

128 2506 207 2567 duas
226 2503 309 2567 solas
331 2502 486 2567 orationis
507 2513 613 2589 partes
637 2517 728 2580 esse,
760 2495 850 2584 quod
876 2517 916 2563 ex
945 2501 987 2563 iis
1008 2503 1086 2567 solis
1113 2500 1186 2569 lieri

126 2612 230 2698 possit
246 2613 390 2696 perfecta
409 2611 534 2685 oratio,
557 2611 592 2673 id
619 2621 685 2689 est,
719 2609 808 2692 quod
833 2608 961 2671 abunde
990 2614 1186 2680 sententiam

90 2720 91 2724 ’
126 2721 416 2806 comprehendant.
467 2721 633 2788 Plutarch.
687 2720 818 2798 Quaest.
858 2720 941 2786 Plat.
975 2718 1019 2785 X.
1057 2717 1112 2782 διά
1151 2712 1190 2783 τί

125 2823 270 2896 Πλάτων
291 2819 356 2891 εἶπε
382 2827 439 2891 τόν
464 2822 557 2910 λόγον
581 2826 615 2902 ἐξ
641 2819 806 2908 ὀνομάτων
827 2821 884 2887 καὶ
898 2818 1050 2909 ῥημάτων
1074 2822 1182 2912 κεράν-

127 2934 264 3016 ’ννσθαις
294 2930 394 3001 Δοκεῖ
403 2936 466 3023 γάρ
484 2931 590 3000 πάντα
605 2935 687 3019 πλὴν
704 2936 789 2999 δυεῖν
807 2931 929 2999 τούτων
946 2935 987 2997 τά
1010 2935 1092 3020 μέρη
1121 2942 1184 2998 τοῦ

128 3038 222 3125 λόγον
242 3044 373 3127 μηθέν.
388 3054 422 3109 et
441 3046 542 3131 paulo
563 3055 655 3131 poste
687 3037 812 3124 ἀξίωμα
841 3043 876 3106 δὲ
894 3043 928 3118 ἐξ
951 3035 1106 3123 ὀνόματος
1128 3039 1189 3131 καὶΙ
1273 3080 1275 3087 ·

128 3143 272 3234 ῥήματος
286 3152 473 3235 συνέστηκεν
480 3199 490 3232 ,
505 3138 551 3214 ὧν
574 3154 611 3213 τὸ
631 3151 708 3233 μὲν,
728 3151 892 3214 πτῶσιν
917 3149 947 3214 οἱ
972 3146 1180 3234 διαλεκτικοί,

126 3255 165 3319 τὸ
179 3250 215 3320 δὲ
234 3251 502 3344 κατηγόρημα
521 3258 682 3323 καλοῦσιν.
723 3282 755 3344 p.
782 3261 849 3324 108.
872 3261 948 3326 Vol.
969 3262 1009 3324 V.
1036 3283 1061 3324 1.
1075 3256 1178 3346 Wytt.

210 3369 316 3434 Multo
340 3366 546 3433 manifestior
572 3377 621 3434 est
640 3389 692 3432 res
709 3366 796 3456 opud
819 3368 954 3436 Aristot.
968 3370 1065 3455 Phys.
1092 3389 1179 3434 ausu.

131 3540 384 3558 *nana-nnn·-

166 3671 194 3745 ι)
227 3670 441 3755 Minimeenim
464 3647 527 3724 euni
555 3669 811 3742 Trendolenburgio
836 3670 856 3728 1.
882 3686 904 3725 e.
922 3688 952 3743 p.
973 3671 1016 3726 25.
1035 3671 1072 3723 ad
1086 3671 1179 3725 Pleto-

237 3781 302 3819 nem
315 3767 552 3837 Xenocratemque
568 3764 638 3819 haec
657 3766 807 3821 retulerim.

163 3896 196 3957 α)
232 3868 566 3958 adiuuandae.
585 3904 614 3958 p.
639 3889 695 3945 ses.
715 3888 783 3945 Plat.
802 3887 884 3959 sepa.
902 3904 929 3958 p.
952 3888 1011 3942 σω.
1030 3885 1059 3939 a.

165 4007 196 4080 ὃ)
230 4005 623 4063 Prisciantrserammlt
644 4005 961 4078 4,.15.p.66.1treh1.
1015 4054 1017 4059 ,

164 4128 195 4200 4)
230 4126 358 4198 Appulei.
381 4123 499 4178 debeb.
519 4124 606 4182 doctr.
625 4127 691 4178 Plat.
713 4128 765 4180 111.
783 4144 811 4198 p.
833 4130 893 4183 2⁰3.
913 4128 973 4198 Bip.
993 4127 1056 4180 Vol.
1074 4126 1111 4184 II.

382 4235 383 4239 ’
940 4230 963 4295 ll
