2626 4732
1039 272 1053 305 J
1136 288 1139 295 .

567 353 775 421 ...15-

136 519 380 610 <do-Plutarch.
399 519 439 584 de
455 539 585 605 pueror.
604 519 697 583 educ.
717 543 750 605 p.
776 519 823 590 18.
841 518 880 589 T.
897 521 923 587 1.
945 519 1046 604 Wytt.
1068 517 1194 584 Seneca

141 633 182 697 de
193 633 305 699 Cenat.
319 631 348 694 ὅ.
359 628 461 714 Epist.
481 646 513 711 9.
555 627 890 718 Stilponem-liberius
903 629 943 692 de
957 630 1027 701 Diis
1042 627 1192 707 sensisse,

140 739 228 802 dicta
245 739 314 802 eius
331 737 458 820 aliquot
479 734 566 820 apud
586 737 769 819 Diogenem
787 737 824 798 L.
846 735 887 805 ll.
910 736 978 804 116.
1002 758 1069 821 117.
1085 746 1192 798 osten·

139 844 232 907 dunt.
273 845 357 912 Add.
379 843 547 913 Plutarch
568 865 634 927 quo
655 842 770 931 quies.
790 845 873 927 prof.
894 853 976 907 sent.
1000 866 1045 930 p.
1058 845 1131 908 518.
1150 842 1190 906 T.

136 957 165 1018 Ι
187 923 289 1037 Wytt.
309 952 428 1022 Athen.
449 955 486 1016 X.
508 953 538 1020 5.
559 974 590 1038 p.
612 953 684 1030 422.
707 951 738 1019 d.
762 952 935 1022 Casaub.

218 1061 395 1146 Dialcgi'
366 1084 436 1125 erus
456 1083 574 1126 norem
585 1058 615 1146 1)
633 1060 820 1122 ferebantur
831 1060 960 1145 frigrdr,
984 1069 1020 1123 ut
1036 1060 1080 1123 ait
1094 1059 1190 1146 Diog.
1204 1042 1207 1048 .

133 1165 230 1233 L..11
255 1189 335 1230 rao.
357 1167 523 1247 Moschus,
543 1165 766 1250 Aristippus
740 1186 807 1229 srve
822 1166 954 1247 Callias,
971 1167 1189 1244 Ptolemaeus,
1282 1200 1298 1246 ‚¹

133 1275 384 1357 Chaerecrates,
413 1275 606 1354 Metrocles,
630 1274 867 1356 Anaximenes,
895 1275 1076 1361 Epigenes,
1105 1275 1190 1337 liber

131 1384 173 1447 ad
192 1385 293 1446 filiam
311 1405 414 1463 suam,
435 1382 635 1450 Aristoteles.
656 1385 805 1464 Quorum
825 1366 1057 1468 argumentari
1078 1383 1189 1446 etitu-

130 1490 279 1553 lisliceat
295 1490 456 1570 divinare,
477 1488 679 1575 Aristippum
692 1490 826 1574 quidem
839 1489 880 1552 ad
891 1489 1099 1574 Cyrenaicos,
1117 1487 1190 1552 Ari·

129 1599 280 1693 atptelem
296 1599 338 1661 ad
347 1597 581 1683 Peripateticos
598 1598 788 1662 refutandos
809 1620 959 1662 censeam
981 1597 1188 1684 pertinuisse.

212 1706 254 1769 In
289 1706 457 1791 discipulis
487 1707 645 1792 stilponis
673 1709 779 1771 clarus
811 1707 846 1769 in
874 1707 989 1793 primis
1025 1718 1074 1771 est
1102 1711 1187 1770 Znno

128 1811 272 1893 Stoicus,
295 1811 330 1874 id
347 1813 435 1894 quod
450 1812 549 1897 longe
565 1813 699 1876 maximi
715 1822 764 1876 est
779 1815 936 1877 momenti
956 1814 997 1877 ad
1014 1815 1186 1898 utriusque

126 1932 255 2002 sectae,
277 1921 462 2005 Megaricae
487 1921 703 2006 Stoicaeque,
726 1921 917 1986 affinitatem
943 1933 975 1987 et
1002 1920 1188 1987 coniuncti·

127 2053 235 2099 one-m.
278 2026 355 2096 vid.
375 2029 471 2113 Diog.
491 2031 529 2097 L.
552 2024 598 2096 ΙΙ.
629 2049 697 2092 rao.
718 2031 794 2099 VII.
816 2051 846 2095 2.
872 2041 905 2095 et
923 2040 998 2096 ante
1015 2031 1124 2095 omnia
1148 2032 1186 2095 L.

126 2141 203 2206 Vll.
226 2139 277 2204 25.
321 2138 434 2200 Simile
454 2137 626 2223 Megaricis
645 2149 742 2224 atque
754 2141 887 2226 Cynicis
906 2141 970 2204 iam
987 2142 1115 2227 pridem
1131 2139 1186 2202 iu·
1223 2192 1225 2199 ,

126 2248 313 2312 tercedebat
343 2228 511 2312 doctrinae
536 2247 782 2316 commercium.
822 2249 955 2314 Etenim
975 2250 1081 2335 Stilpo
1101 2249 1186 2312 Dio·

126 2376 245 2438 genem
280 2365 431 2419 narratur
470 2354 654 2438 audivisse,
694 2352 974 2442 quemadmodum
998 2359 1184 2437 Stilponem

128 2465 250 2531 Crates.
293 2465 389 2527 Conf.
410 2463 562 2549 niog.L.
582 2465 644 2530 VI.
667 2465 718 2549 76.
740 2465 782 2526 Π.
808 2462 877 2538 ιι4.
926 2460 1052 2523 Seneca
1076 2460 1183 2545 Epist.

131 2592 178 2634 ιο.
201 2593 233 2656 p.
257 2569 338 2649 402!
353 2573 441 2658 Lipe
490 2562 651 2638 Nimirum
680 2566 707 2631 ia
731 2576 799 2653 erat
818 2565 883 2630 iam
911 2567 1193 2655 philosophorum·

126 2701 196 2742 mos
219 2690 252 2738 et
271 2681 370 2754 ratio
391 2686 511 2739 utnon
528 2675 587 2737 nni
606 2674 706 2738 alicui
724 2677 929 2764 praeceptori
949 2700 1020 2743 sese
1045 2677 1179 2759 darent,

124 2788 159 2850 in
186 2784 279 2849 cuins
308 2782 429 2847 deinde
459 2784 558 2848 verba
584 2782 751 2848 iurarent·
773 2786 831 2850 sed
853 2797 892 2851 ut
911 2807 1042 2893 operam
1066 2786 1181 2852 dantes
1237 2800 1244 2807 “

123 2894 286 2981 pluribus,
309 2889 539 2956 diversissimas
556 2893 654 2957 etiam
673 2892 815 2960 rationes
833 2903 1080 2980 cognoscerent.
1121 2891 1181 2958 Sic

123 3003 287 3090 Epicurus
308 3001 528 3065 Xenocratem
551 3002 719 3066 ferebatur
742 3005 932 3085 audissem,
956 3012 1053 3088 atque
1073 3000 1181 3065 Clito·
1254 3074 1259 3080 p

123 3110 260 3175 machus
278 3108 492 3174 Academicus
515 3121 658 3177 versatus
679 3119 749 3176 erat
768 3112 803 3176 in
823 3112 927 3177 tribus
949 3111 1067 3187 sectis,
1094 3112 1180 3175 Aea·

123 3220 249 3285 demica
257 3266 267 3300 ,
291 3219 507 3305 Peripatetica
522 3228 619 3303 atque
635 3220 744 3313 Stoica
757 3221 801 3301 ³).
845 3219 934 3303 Quid
948 3220 1037 3306 quod
1050 3218 1181 3305 Scepti-

183 3444 216 3516 ι)
235 3444 386 3515 Corruptus
406 3451 449 3499 est
466 3444 636 3519 dialogorum
650 3446 724 3521 apud
734 3445 847 3503 suidam
864 3461 1004 3504 numerus.
1039 3446 1178 3504 Nimirum

228 3539 376 3611 legendum
390 3549 431 3594 est
446 3542 505 3600 ibi.
521 3544 581 3596 Καὶ
600 3542 709 3615 ἔγραψε
727 3540 881 3616 διαλόγους
899 3541 954 3599 οὐκ
970 3540 1103 3602 ἐλάττους
1119 3544 1180 3600 τῶν

226 3634 246 3701 η’
254 3673 264 3699 ,
283 3653 333 3706 pro
351 3634 404 3688 οὐκ
420 3636 563 3698 ἐλάττους
580 3641 639 3694 τῶν
656 3638 690 3693 κ’.
726 3639 860 3711 stilponis
881 3647 975 3694 antem
999 3645 1061 3693 octo
1084 3655 1180 3693 revera

234 3738 314 3783 eraut
332 3729 436 3803 dialogi
450 3741 550 3788 etnua
573 3733 609 3787 ad
624 3733 711 3787 filiam
727 3735 855 3805 epistola.
891 3733 1025 3806 Stilponia
1043 3729 1179 3804 dnopvq-
1237 3727 1242 3734 ’

228 3821 411 3895 perciperet,
438 3825 535 3883 idest
559 3827 768 3882 commentarios
798 3826 833 3882 de
859 3826 1054 3902 philosophia,
1081 3827 1178 3885 laudat

227 3917 329 3987 Athen.
349 3919 396 3972 IV.
418 3936 456 3991 ¹7·
475 3938 503 3991 p.
528 3923 585 3980 162.
605 3939 628 3978 o
648 3921 689 3990 ib.
708 3920 823 3977 Casaub.

179 4011 214 4084 ο)
229 4012 308 4086 mog.
329 3999 412 4070 cjx.
433 4019 474 4072 13.

177 4108 349 4184 3)1)iog.1..
368 4111 414 4172 IV.
434 4115 481 4184 67.
