2626 4732
545 378 752 449 ...41..

123 540 170 612 ita
196 543 382 612 concludit:
404 533 449 629 ’τῷ
468 542 507 623 δῆ
534 536 700 630 φιλοσόφῳ
710 536 876 604 καὶταῦτα
885 536 1026 623 μάλιστα
1040 535 1175 623 τιμῶντι

123 652 232 732 πᾶσα,
250 646 294 726 ὥς
312 648 427 740 ἔσανεν,
451 643 570 732 ἀνάγκη
592 649 646 721 διδ
669 648 793 728 ταῦτα,
811 645 889 731 μήτε
906 649 969 712 τῶν
992 642 1033 712 ἓν
1061 642 1083 733 ἢ
1104 645 1176 712 καὶ
1187 724 1193 742 ³

125 760 172 824 ταὶ
194 760 327 823 πολλοὶ
351 755 445 842 εἴδη
468 753 676 841 λεγόντων
696 755 740 818 τὸ
768 756 846 819 πᾶν
871 749 998 840 ἓστηκδς
1023 750 1175 837 ἀποδέχε-

127 873 224 950 σθαι,
238 870 300 932 τῶν
315 869 346 930 δ’
361 859 406 930 αὖ
426 867 572 948 πανταχῆ
591 866 626 928 ad
647 857 682 928 dv
694 845 958 948 standarum-pls
984 860 1174 949 τοπαράπαν
1219 920 1223 935 ,

128 971 253 1040 ἀκούειν
263 1027 273 1057 ,
301 970 402 1057 ἄλλα,
419 976 499 1038 κατα
520 976 578 1058 τῆν
594 974 657 1037 ταῖν
672 974 795 1037 παίδων
813 968 927 1056 εὐχήν,
951 966 1011 1036 ὅσα
1044 966 1177 1054 αἷκίνητα

128 1080 185 1145 sal
200 1085 399 1167 κεκινημένα,
416 1084 454 1146 'cti
475 1074 511 1146 ὅν
534 1106 567 1145 τε
589 1078 645 1145 καί
665 1081 700 1146 td
723 1081 803 1162 πᾶν,
825 1074 1047 1165 ξυναμφότερα
1069 1081 1176 1163 λέγειν.

125 1215 159 1278 r·
179 1193 250 1274 249·
273 1192 303 1257 d·

209 1299 337 1380 Quibus
358 1298 466 1363 verbis
482 1298 570 1360 haud
591 1298 658 1360 scio
678 1320 717 1358 an
737 1302 835 1359 totius
861 1298 980 1380 dialogi
1003 1319 1178 1381 argumen-

126 1392 196 1472 tum
210 1408 425 1470 contineatur.
468 1406 561 1470 Plato
584 1406 671 1469 enim
691 1405 876 1490 philosophi
894 1426 962 1467 esse
979 1404 1044 1483 ait,
1068 1427 1176 1491 neqqe

130 1517 171 1578 iis
191 1538 225 1578 se
241 1526 345 1577 totum
367 1517 466 1595 dare,
487 1515 605 1598 quibus
627 1536 730 1576 unum
751 1525 805 1576 aut
827 1514 949 1575 multae
971 1513 1063 1574 ideae
1089 1513 1180 1574 vide·

130 1634 226 1686 antur
242 1627 371 1703 omnia,
394 1645 584 1707 semperque
607 1626 757 1702 immota,
781 1646 889 1706 neque
906 1623 964 1702 iis,
993 1620 1051 1703 qui
1070 1621 1178 1681 omnia

131 1750 257 1813 semper
285 1729 408 1790 moveri
431 1739 592 1810 statuant,
623 1732 679 1792 sed
703 1745 821 1792 motum
850 1753 956 1813 aeque
985 1750 1022 1810 ac
1044 1731 1179 1811 quietem

130 1857 198 1899 esse
216 1837 414 1921 ponendum.
456 1836 517 1897 Ubi
544 1837 716 1899 discrimen
741 1838 905 1920 quoddam
934 1833 1005 1900 fieri
1031 1835 1178 1896 videmus

76 2022 84 2035 „
130 1944 218 2006 inter
240 1966 317 2024 eos,
339 1948 396 2028 qui
420 1966 520 2006 unum
538 1944 605 2007 Ens
621 1946 788 2007 immotum
811 1947 939 2025 dicant,
962 1957 995 2007 et
1016 1945 1071 2029 qui
1094 1944 1182 2006 mul·-
1238 1928 1241 1937 ’

129 2062 176 2114 tas
190 2051 278 2114 ideas
292 2052 438 2114 immotas
453 2063 588 2136 ponant,
612 2054 646 2114 id
665 2063 729 2132 est,
752 2054 840 2115 inter
857 2055 1028 2116 Eleatas
1053 2063 1084 2116 et
1103 2053 1182 2114 Me·

130 2144 310 2246 garidos.
361 2161 442 2220 Nam
474 2158 643 2221 Platonem
672 2159 837 2222 hiesuam
881 2163 920 2222 de
945 2163 1032 2225 ldeis
1058 2161 1181 2225 doctri-

131 2289 207 2327 nam
228 2268 410 2352 respicere,
435 2292 531 2333 nemo
557 2290 629 2330 cum
640 2267 784 2330 Sochero
804 2269 885 2349 iam,
907 2282 1008 2353 puto,
1032 2266 1182 2351 opinabi-

131 2378 239 2452 tur1).
281 2376 406 2439 Verum
429 2377 509 2438 haec
532 2354 666 2459 quiddm
690 2376 835 2458 quaestio
866 2376 961 2437 latius
987 2385 1083 2460 patet,
1119 2374 1183 2437 Est

132 2484 220 2545 enim
248 2483 303 2545 hic
334 2484 479 2546 omnium
508 2484 720 2546 difficillimus
756 2485 795 2547 tle
821 2483 906 2547 ldeis
939 2485 1040 2548 locus.
1090 2479 1181 2558 Quid

133 2590 245 2651 enim?
264 2592 437 2655 Euclidem
458 2569 553 2653 unum
570 2591 637 2654 Ens
656 2592 799 2677 posuisse
817 2592 973 2655 vidimus:
996 2611 1060 2675 quo
1079 2587 1181 2672 igitur

131 2708 226 2782 pacto
249 2720 322 2760 cum
345 2721 383 2761 eo
406 2694 488 2782 εἴδη
507 2698 562 2760 illa
577 2695 728 2780 πολλά,
745 2721 828 2783 quue
844 2710 938 2762 antea
955 2701 987 2776 2)
1007 2697 1071 2783 iam
1089 2717 1180 2758 com·

134 2815 312 2869 memorata
330 2816 425 2887 sunt,
449 2807 720 2869 conciliabimus?
742 2843 781 2857 -

203 2916 363 2978 'Obscura
391 2917 538 2998 quaestio
568 2924 631 2995 est,
661 2918 785 2988 fateor;
808 2937 872 2977 non
897 2937 933 2977 ea
954 2923 1061 2975 tamen
1084 2911 1181 2972 inex-

126 3023 309 3108 plicabilis.
357 3025 436 3086 Nam
462 3045 658 3106 quamquam
680 3024 894 3086 dubitandum
917 3044 982 3084 non
1007 3029 1075 3098 est,
1096 3019 1179 3102 quin
1250 3052 1253 3061 «

135 3132 174 3192 ab
199 3133 289 3192 omni
313 3140 422 3210 motu,
450 3132 602 3214 omnique
622 3134 800 3214 generandi
822 3130 1005 3195 diversitate
1026 3127 1181 3189 Euclides

138 3259 299 3299 summum
314 3239 397 3301 illud
412 3240 477 3311 Ens
495 3225 688 3323 segregarit,
710 3250 879 3324 propterea
899 3237 985 3322 quod
1003 3257 1105 3298 unum
1127 3234 1180 3314 sit,

135 3367 342 3428 nequaquam
357 3356 462 3408 tamen
482 3348 633 3430 negavit,
654 3347 689 3408 in
704 3350 807 3411 varias
820 3345 904 3408 illud
927 3356 981 3407 aut
994 3345 1180 3406 innumeras

53 3522 57 3531 Ι
133 3445 241 3537 partes
263 3453 369 3541 ipsum
389 3476 457 3518 esse
474 3455 675 3524 dissolutum.
718 3457 809 3535 Quae
827 3454 950 3517 etiamsi
968 3455 1008 3516 ad
1030 3475 1081 3515 res
1100 3468 1179 3512 'mu-

132 3559 246 3622 tabiles
266 3570 365 3645 atque
386 3571 488 3624 motas
509 3563 642 3626 minime
666 3563 868 3648 pertineant,
891 3561 924 3623 iu
938 3568 1047 3623 mente
1069 3568 1176 3620 tamen

132 3667 419 3752 divinatumquam
436 3669 560 3755 species
576 3671 790 3757 sempiternae
810 3671 982 3736 insideant.
1022 3667 1110 3731 Haec
1129 3672 1177 3728 eat

139 3810 385 3829 nan—d

187 3868 598 3991 1)Vid.Schleierm.Prooem.
616 3920 701 3996 Soph.
719 3921 815 3997 pasl.
837 3919 909 3981 conl.
927 3915 1037 3974 Sccher.
1055 3913 1090 3970 de
1109 3908 1176 3970 nat·

237 4013 331 4083 script.
349 4031 376 4085 p.
396 4017 455 4072 266.
950 4038 953 4042 ·

188 4106 222 4180 ²)
237 4107 320 4197 δορα
340 4128 367 4184 p·
385 4110 448 4182 246.
465 4112 494 4178 b.
512 4132 536 4170 c.
553 4111 614 4186 248·
632 4128 657 4168 u.
