2626 4732
260 498 401 595 Exortus
422 505 470 561 est
491 496 579 560 enim
599 499 639 562 G.
659 497 696 559 L.
718 494 947 568 Srrunrncrns,
968 490 1027 575 qui
1048 489 1229 575 Megaricae

178 633 313 698 rationis
336 629 481 692 ,tutelam
511 627 671 714 suscepit,
695 629 830 712 exiguae
864 646 941 688 sane
976 622 1071 685 molis
1093 622 1228 705 libello,

176 761 234 825 sed
256 754 422 824 doctrinae
444 758 624 843 iudiciique
644 759 853 846 plenissimo,
876 750 936 841 qui
957 756 1002 819 ita
1023 727 1230 822 inscrilriturt

176 889 349 957 Vindicioe
376 890 621 971 Megaricorum.
668 872 759 954 Halis
789 889 974 964 Saxonum,
1016 909 1105 974 1791.
1159 893 1228 972 Qui

174 1045 278 1112 quum
306 1025 476 1110 Megaricis
507 1023 759 1110 prudentissime
786 1022 1030 1108 patrocinetur,
1064 1021 1228 1108 plurima-

160 1180 242 1252 ,que
271 1163 401 1247 egregie
430 1169 589 1245 exponat,
627 1168 724 1243 utque
756 1137 794 1220 eri
821 1155 1030 1254 praesertim,
1068 1176 1151 1239 quae
1184 1157 1227 1220 ad

173 1293 352 1359 Eleaticum
372 1293 471 1356 huius
493 1291 686 1378 disciplinae
716 1290 877 1376 originem
904 1289 1094 1375 pertinent,
1127 1310 1225 1353 nemo

167 1437 282 1492 tamen
303 1426 487 1507 mirabitur,
508 1425 609 1489 multa
631 1425 738 1493 adhuc
758 1423 915 1504 inveniri,
938 1444 1023 1506 quae
1044 1443 1104 1484 nos
1125 1420 1222 1486 hodie

174 1557 292 1624 melius
315 1556 446 1641 cognita
467 1567 500 1620 ct
517 1556 684 1641 explorata
698 1555 885 1619 habeamus.
928 1553 966 1616 ld
986 1552 1075 1636 quod
1096 1553 1224 1616 Scanat-

83 1720 89 1728 ‘
173 1670 410 1758 nannenunsin
431 1686 555 1772 primis,
578 1684 651 1752 Viri
672 1684 808 1766 Summi,
830 1685 1066 1748 immortalibus
1087 1683 1227 1749 debetur

175 1824 319 1906 meritis,
342 1821 400 1906 qui
422 1829 529 1884 nostra
550 1780 805 1917 demum⁵aetate
827 1819 955 1904 primus
982 1817 1128 1882 omnium
1149 1817 1227 1890 Pla.

119 1965 121 1969 ’
174 1958 261 2026 lonis
282 1966 316 2022 et
335 1954 468 2038 legendi
490 1963 523 2016 et
541 1952 753 2037 intelligendi
772 1953 847 2014 tulit
868 1953 967 2037 leges.

263 2062 485 2172 Quamohrem
515 2085 651 2170 dignum
677 2053 770 2148 lrunc
803 2083 930 2150 viribus
950 2083 1076 2169 ingenii
1097 2070 1231 2169 pericliss

178 2225 287 2292 tundis
309 2242 459 2308 campum
480 2240 582 2302 quum
603 2218 837 2301 existimarem,
865 2219 1020 2306 proposui
1041 2219 1139 2300 mihi,
1161 2219 1231 2304 pri-

99 2348 102 2352 *
179 2384 270 2427 mum
292 2358 424 2445 quidem
442 2353 678 2441 Megaricorum
706 2378 758 2420 res
780 2325 876 2440 atque
897 2357 1078 2420 doctrinam
1099 2373 1232 2417 accura-

178 2496 244 2561 tius
266 2497 464 2583 explorare,
485 2500 555 2553 tum
576 2499 685 2554 autem
706 2512 788 2574 quae
809 2485 895 2577 apud
916 2492 1087 2581 Plptonem
1107 2497 1140 2552 et
1160 2486 1236 2551 Ari.

182 2628 335 2694 stotelem
371 2625 470 2688 huius
508 2625 677 2690 doctrinae
715 2624 848 2711 vestigia
883 2631 1030 2705 exstent,
1066 2622 1233 2706 indagare.

102 2786 104 2791 ’
182 2763 272 2828 Nihil
304 2760 393 2823 enim
422 2760 586 2825 efficacius
615 2761 657 2824 acl
690 2782 818 2823 omnem
840 2759 958 2825 veteris
979 2756 1158 2842 sapientiae
1180 2777 1233 2817 co·

182 2894 473 2981 gnitionem'essc⁸
492 2894 647 2973 arbitror,
677 2915 773 2977 quam
800 2893 887 2956 hanc
908 2892 1064 2979 similium
1085 2875 1233 2952 finitima·

183 3005 324 3107 rumque
352 3011 518 3119 rationum
542 3024 825 3108 comparationem.
865 3024 961 3106 Quae
982 3046 1034 3087 res
1053 3022 1143 3086 haud
1163 3020 1253 3085 scio>

187 3180 228 3219 an
251 3178 413 3240 nusquam
433 3156 555 3221 maiore
576 3180 651 3221 cum
672 3158 781 3220 fructu
802 3165 835 3220 et
855 3158 1072 3222 delectalone
1093 3157 1136 3222 sit
1158 3176 1234 3220 con·

186 3268 314 3369 iuncta,
337 3312 436 3376 quam
456 3290 492 3353 in
514 3290 572 3372 iis,
601 3313 684 3375 quae
710 3291 882 3354 aSocrate
903 3300 1096 3370 manarunt,
1122 3289 1235 3375 philo-

130 3433 133 3448 ¹
184 3424 363 3510 sophorum
383 3421 527 3486 familiis.
568 3425 661 3503 Quae
683 3425 772 3487 enim
792 3423 976 3487 Socraticae
1009 3421 1235 3508 philosophiae

188 3558 324 3624 historia
350 3564 519 3640 tantopere
551 3577 570 3617 a
596 3554 676 3620 viris
698 3551 890 3622 doctissimis
912 3557 1093 3623 desiderata
1114 3563 1178 3635 est,
1198 3575 1237 3616 ea

189 3699 261 3753 tum
291 3688 421 3754 demum
451 3689 576 3753 utiliter
609 3691 731 3775 poterit
760 3691 913 3772 institui,
952 3691 1009 3756 ubi
1038 3689 1238 3775 singularum

187 3822 385 3886 familiarum
412 3846 496 3908 quae
527 3823 651 3888 luerint
670 3830 754 3925 artes
767 3847 785 3907 ,ᾖ
798 3824 929 3910 planius
947 3825 1011 3891 erit
1030 3822 1242 3910 explicatum.

193 3951 276 4035 Quis
308 3963 419 4029 nutem
454 3976 523 4019 uon
553 3955 662 4037 videt,
702 3967 825 4042 quanta
859 3957 980 4025 cleinda
1018 3957 1061 4024 ad
1093 3956 1243 4024 divinum

192 4087 335 4154 Socratis
356 4075 528 4176 ingenium
548 4091 608 4156 lux
629 4089 671 4154 sit
692 4089 939 4159 redundatura?
