2626 4732
545 367 585 381 ..
627 274 749 414 η...

126 493 233 562 καίτοι
256 493 452 578 κωλυόμενον
476 493 540 562 tna
573 500 638 562 τῶν
666 493 874 584 περιεχόντων
902 490 983 562 αύτό
1012 495 1053 570 ἐξ
1079 486 1176 579 οἷνύγ-

124 628 196 690 κης·
225 593 270 667 ὧν
295 604 365 668 ἐστι
396 608 516 688 μεταξύ
555 607 593 670 τό
628 602 694 670 eino
723 599 965 692 Ἀριστοτέλους
996 599 1174 688 λεγόμενον·

123 714 265 779 δυνατόν
305 714 367 800 γαρ
409 717 448 778 τό
481 707 548 779 οἷόν
582 737 615 780 τε
646 716 794 797 γενέσθαι
825 708 987 779 οἷκόύλυτον
1023 702 1077 792 όν,
1117 703 1176 775 κᾶν

122 821 170 905 μῆ
196 822 339 904 γένηται·
367 823 405 884 τό
431 822 493 907 γὰρ
516 813 645 907 ’ἄχυρον
673 821 711 885 τό
744 822 803 902 μὲν
833 824 877 905 μὴ
907 812 943 883 όν
974 819 1008 882 ἕν
1034 818 1075 903 τῇ
1099 811 1176 882 ιῖτό.

125 915 176 1017 pop
204 929 289 1012 μηδὲ
316 921 400 1003 όλως
428 924 492 993 ύτιό
524 951 609 1003 τινος
642 921 860 1009 κωλυόμενον,
894 926 1029 990 δυνατόν
1053 926 1176 1011 καυθῆ.

127 1057 200 1116 ναι,
229 1026 289 1100 κᾶν
317 1037 475 1119 μηδέποτε
499 1036 629 1122 κου’θῇ,
664 1027 715 1099 ότι
747 1034 792 1118 μῆ
824 1030 1006 1097 κεκώλυται.

208 1142 355 1206 Diodoro
375 1142 474 1227 igitur
495 1143 665 1207 eademde
684 1163 813 1205 recum
835 1131 976 1206 Philone
1003 1138 1176 1204 dialectieo

123 1256 195 1312 erat
221 1269 349 1332 pugna,
372 1249 510 1331 quaein
537 1270 576 1311 eo
588 1248 795 1327 versabatur,
818 1247 908 1330 quod
925 1242 1067 1315 ‘Philoni
1091 1247 1178 1312 iilud

121 1354 200 1419 fieri
218 1376 311 1439 posse
336 1356 529 1437 videbatur,
550 1355 639 1444 quod
664 1355 726 1440 ipsi
748 1355 798 1417 rei
822 1353 962 1420 alicuius
985 1355 1110 1416 notioni
1131 1358 1177 1418 fa·

127 1462 193 1527 eila
214 1461 482 1543 adhaeresceret,
505 1463 629 1526 etiamsi
660 1463 700 1524 ah
722 1473 856 1526 externa
881 1463 1072 1530 necessitate
1091 1465 1177 1526 forte

128 1567 350 1654 impediretur.
393 1569 431 1631 Id
448 1568 562 1653 paleae
581 1570 729 1654 exemplo
744 1568 998 1646 demonstrabat,
1021 1590 1105 1650 qnae
1117 1590 1176 1652 per

128 1698 165 1743 se
182 1698 258 1740 sane
274 1677 418 1741 comburi
439 1688 565 1762 potest,
591 1679 737 1762 quamvis
753 1679 837 1741 forte
861 1699 927 1741 non
946 1685 1068 1746 uratur.
1106 1677 1176 1741 Ve-

128 1807 203 1849 rum
219 1787 382 1850 Diodorus
407 1787 451 1851 ita
472 1789 634 1852 sententia
658 1812 717 1853 sua
736 1790 849 1868 stetit,
881 1798 918 1850 ut
950 1810 1020 1851 eam
1044 1785 1177 1851 scholas

127 1916 203 1967 suae
222 1912 310 1956 more
326 1895 521 1978 sophismate
541 1897 637 1960 etiam
658 1875 853 1960 includeret.
894 1896 944 1958 De
966 1916 1033 1989 quo
1060 1893 1177 1956 Arrio-

81 2021 90 2037 ⁶
127 2008 206 2080 κατ,
238 1998 381 2083 Epictet.
408 2001 482 2068 diss.
498 2002 542 2066 ΙΙ.
568 2023 615 2086 ¹9·
633 2003 689 2065 ubi
711 2004 798 2065 conf.
819 2002 983 2066 doetrinae
998 2010 1031 2066 et
1051 2001 1176 2064 acumi-

125 2109 178 2173 nis
209 2109 307 2193 plena
333 2110 448 2174 Jacobi
475 2114 621 2179 Harrisii
654 2113 693 2175 de
725 2112 788 2175 hae
816 2113 941 2174 ratione
981 2108 1175 2196 disputatio,
1230 2130 1236 2138 ·

126 2219 213 2305 apud
228 2219 489 2305 Schweighaeus.
521 2221 597 2288 Vol.
618 2221 661 2290 ll.
681 2244 714 2306 p.
731 2222 791 2286 515
813 2244 861 2304 sq.
890 2221 950 2283 ita:

207 2321 244 2392 Ὁ
279 2323 497 2412 κυριεύων
534 2324 654 2413 λόγος
685 2321 747 2391 eino
776 2324 1047 2391 ovanteovante
1071 2317 1177 2410 όφορ.
1230 2394 1237 2412 .
1303 2329 1308 2340 '

125 2433 197 2517 μων
238 2425 430 2519 η’ρωτῆσθοιι
470 2432 634 2522 φαίνεται·
676 2436 780 2520 κοινῆς
820 2435 882 2530 γαρ
919 2425 1016 2518 σύσης
1064 2429 1172 2514 μάχης

124 2550 194 2617 τοῖς
220 2540 309 2628 τρισὶ
339 2539 466 2620 τούτοις
493 2546 574 2630 πρός
604 2538 745 2630 ἄλληλα,
774 2545 819 2632 τῷ
853 2545 890 2607 τό
913 2542 985 2607 πᾶν
999 2544 1176 2626 παρεληλυ-

124 2756 172 2842 ριῆ
202 2751 404 2841 ἀκολουθεῖν,
438 2760 495 2826 καὶ
524 2765 570 2852 τῷ
588 2765 634 2846 μῆ
657 2762 799 2826 δυνατόν
825 2753 923 2842 εἶναι,
939 2752 964 2826 ,ὃ
988 2746 1070 2849 ούτῖ
1088 2752 1176 2819 ἔστιν

126 2858 249 2950 σἰληθὲς
291 2859 360 2932 ούτ’
388 2865 500 2934 ἔσται·
529 2873 666 2938 συνιύαλν
695 2871 753 2953 τῆν
782 2864 1037 2962 μόχηνταύτην
1069 2858 1087 2926 ό
1117 2863 1178 2930 Ab

124 2970 249 3061 όόωρος
277 2977 318 3062 τῇ
355 2977 419 3041 τιόν
456 2975 592 3065 πρώτων
625 2980 714 3043 δυοῖν
736 2975 926 3060 πιθανότητι
962 2968 1177 3057 συνεχρήσατο

125 3081 505 3170 τιρόςπαρύστασιντού
533 3090 662 3174 μηδὲν
687 3079 800 3154 εἶναι
831 3076 1063 3150 δυνατόνό
1091 3072 1177 3147 ούτ’
1235 3146 1237 3151 ,

123 3186 254 3267 ἐστὶν
288 3184 443 3276 ἀληθὲς
475 3185 558 3258 ούτ’
580 3191 717 3259 ἔσται.
748 3198 814 3257 κτλ.

212 3296 288 3359 vid.
312 3300 512 3386 Menag.ad
543 3305 638 3389 Diog.
667 3307 703 3365 L.
732 3304 772 3364 II.
808 3303 874 3367 108.
924 3302 1109 3366 Stoicorum
1140 3303 1175 3364 in

126 3397 314 3488 κυριεύοντα
346 3431 475 3493 pugnae
501 3417 793 3475 commemorantur
823 3432 841 3469 a
872 3411 1046 3475 Plutarcho
1066 3413 1098 3488 ¹]
1134 3409 1175 3472 de

126 3533 241 3581 comm.
260 3513 359 3582 Notit.
375 3517 449 3580 adv.
466 3518 512 3585 St.
536 3521 586 3597 24.
606 3543 637 3604 p.
656 3517 728 3584 366.
750 3516 824 3579 Vol.
842 3519 883 3584 V.
909 3540 934 3580 1.
948 3520 1050 3603 Wytt.

136 3635 383 3651 *a*

163 3680 192 3750 ι)
210 3677 355 3734 ”Meminit
375 3683 498 3738 eiusdem
515 3668 638 3757 Sympos‘
653 3687 674 3742 1.
691 3693 798 3759 quaest.
816 3703 836 3738 1.
856 3681 928 3738 Ado.
946 3681 1078 3737 Themist.
1097 3683 1174 3736 Orat.

232 3778 266 3830 Π.
280 3794 307 3848 p.
328 3780 370 3835 3ο,
389 3778 471 3834 Hand.
492 3781 540 3852 qui
553 3781 629 3834 locus
645 3782 684 3832 ita
702 3767 838 3851 legendus
858 3787 917 3832 est:
952 3806 986 3817 —
1008 3773 1101 3848 ὥσπερ
1122 3778 1175 3828 Φί-

210 3868 294 3928 λιον
312 3869 329 3940 ἢ
347 3873 548 3946 Διόδωρος
557 3913 566 3938 ,
595 3863 639 3931 οἷν
661 3861 696 3928 τύ
724 3862 842 3947 λοιμπρύ
866 3871 1036 3946 ἀναθήματα
1055 3870 1072 3924 ό
1090 3889 1174 3941 κυρι-

125 3999 140 4033 ⁸·
232 3967 308 4028 κύων
325 3972 375 4022 καὶ
394 3967 411 4022 ό
429 3974 585 4041 κερατίνης,
618 3973 786 4042 σοφίσματα
804 3968 968 4040 δυςμήχανοι
986 3967 1034 4021 καὶ
1052 3966 1174 4046 κακούρ-

235 4079 281 4139 ρα.
301 4063 359 4120 κτλ.
379 4063 467 4143 Vulgo
494 4062 680 4140 Ἡλιόδωρος,
701 4081 756 4122 nou
778 4080 811 4120 eu
829 4064 907 4138 lapsu
921 4063 1082 4127 memoriae,
1099 4057 1174 4134 quoit
