<?xml version="1.0" encoding="UTF-8"?>
<!DOCTYPE html PUBLIC "-//W3C//DTD XHTML 1.0 Transitional//EN"
    "http://www.w3.org/TR/xhtml1/DTD/xhtml1-transitional.dtd">
<html xmlns="http://www.w3.org/1999/xhtml" xml:lang="en" lang="en">
 <head>
  <title>
</title>
<meta http-equiv="Content-Type" content="text/html;charset=utf-8" />
  <meta name='ocr-system' content='tesseract 3.04.00' />
  <meta name='ocr-capabilities' content='ocr_page ocr_carea ocr_par ocr_line ocrx_word'/>
</head>
<body>
  <div class='ocr_page' id='page_1' title='image "./demegaricorumdo00deycgoog_0062.png"; bbox 0 0 2626 4732; ppageno 0'>
   <div class='ocr_carea' id='block_1_1' title="bbox 454 316 863 457">
    <p class='ocr_par' dir='ltr' id='par_1_1' title="bbox 454 316 863 457">
     <span class='ocr_line' id='line_1_1' title="bbox 454 316 863 457; baseline -0.017 0"><span class='ocrx_word' id='word_1_1' title='bbox 454 316 863 457; x_wconf 34' lang='grc' dir='ltr'><strong>,ἡδο-4</strong></span> 
     </span>
    </p>
   </div>
   <div class='ocr_carea' id='block_1_2' title="bbox 93 537 1194 1497">
    <p class='ocr_par' dir='ltr' id='par_1_2' title="bbox 93 537 1194 1497">
     <span class='ocr_line' id='line_1_2' title="bbox 93 537 1187 626; baseline -0.005 -14"><span class='ocrx_word' id='word_1_2' title='bbox 93 592 95 595; x_wconf 94' lang='grc'>-</span> <span class='ocrx_word' id='word_1_3' title='bbox 126 545 254 612; x_wconf 79' lang='lat' dir='ltr'><strong>dentur</strong></span> <span class='ocrx_word' id='word_1_4' title='bbox 284 538 485 624; x_wconf 73' lang='lat' dir='ltr'><strong>excoluisse,</strong></span> <span class='ocrx_word' id='word_1_5' title='bbox 531 542 704 605; x_wconf 81' lang='lat' dir='ltr'><strong>maximam</strong></span> <span class='ocrx_word' id='word_1_6' title='bbox 739 542 918 608; x_wconf 76' lang='lat' dir='ltr'><strong>ostendunt</strong></span> <span class='ocrx_word' id='word_1_7' title='bbox 943 537 1060 606; x_wconf 77' lang='lat' dir='ltr'><strong>curam</strong></span> <span class='ocrx_word' id='word_1_8' title='bbox 1082 550 1187 626; x_wconf 82' lang='lat' dir='ltr'><strong>atquo</strong></span> 
     </span>
     <span class='ocr_line' id='line_1_3' title="bbox 120 649 1188 738; baseline -0.005 -21"><span class='ocrx_word' id='word_1_9' title='bbox 120 652 332 738; x_wconf 80' lang='lat' dir='ltr'><strong>¹diligentiam</strong></span> <span class='ocrx_word' id='word_1_10' title='bbox 354 673 432 716; x_wconf 83' lang='lat' dir='ltr'><strong>esse.</strong></span> <span class='ocrx_word' id='word_1_11' title='bbox 453 649 680 718; x_wconf 82' lang='lat' dir='ltr'><strong>adhibendam.</strong></span> <span class='ocrx_word' id='word_1_12' title='bbox 725 651 834 734; x_wconf 81' lang='lat' dir='ltr'>Atque</span> <span class='ocrx_word' id='word_1_13' title='bbox 858 649 1019 712; x_wconf 88' lang='lat' dir='ltr'><strong>eiusmodi</strong></span> <span class='ocrx_word' id='word_1_14' title='bbox 1049 650 1188 734; x_wconf 83' lang='lat' dir='ltr'><strong>quidem</strong></span> 
     </span>
     <span class='ocr_line' id='line_1_4' title="bbox 120 739 1188 845; baseline -0.006 -17"><span class='ocrx_word' id='word_1_15' title='bbox 120 773 203 828; x_wconf 86' lang='lat' dir='ltr'><strong>sunt</strong></span> <span class='ocrx_word' id='word_1_16' title='bbox 220 763 352 827; x_wconf 82' lang='lat' dir='ltr'><strong>Electra</strong></span> <span class='ocrx_word' id='word_1_17' title='bbox 370 770 404 824; x_wconf 91' lang='lat' dir='ltr'><strong>et</strong></span> <span class='ocrx_word' id='word_1_18' title='bbox 424 739 600 825; x_wconf 85' lang='lat' dir='ltr'><strong>Cornutus.</strong></span> <span class='ocrx_word' id='word_1_19' title='bbox 643 761 735 824; x_wconf 88' lang='lat' dir='ltr'><strong>Idem</strong></span> <span class='ocrx_word' id='word_1_20' title='bbox 753 782 814 845; x_wconf 92' lang='lat' dir='ltr'><strong>ego</strong></span> <span class='ocrx_word' id='word_1_21' title='bbox 837 780 953 823; x_wconf 84' lang='lat' dir='ltr'><strong>causae</strong></span> <span class='ocrx_word' id='word_1_22' title='bbox 972 759 1072 822; x_wconf 79' lang='lat' dir='ltr'><strong>inisse</strong></span> <span class='ocrx_word' id='word_1_23' title='bbox 1100 781 1188 825; x_wconf 85' lang='lat' dir='ltr'><strong>oen·</strong></span> 
     </span>
     <span class='ocr_line' id='line_1_5' title="bbox 127 858 1187 952; baseline 0 -20"><span class='ocrx_word' id='word_1_24' title='bbox 127 891 200 947; x_wconf 81' lang='lat' dir='ltr'><strong>seo,</strong></span> <span class='ocrx_word' id='word_1_25' title='bbox 223 876 260 930; x_wconf 88' lang='lat' dir='ltr'><strong>ut</strong></span> <span class='ocrx_word' id='word_1_26' title='bbox 274 879 340 931; x_wconf 86' lang='lat' dir='ltr'><strong>tam</strong></span> <span class='ocrx_word' id='word_1_27' title='bbox 358 867 477 952; x_wconf 85' lang='lat' dir='ltr'><strong>cupide</strong></span> <span class='ocrx_word' id='word_1_28' title='bbox 494 858 598 932; x_wconf 81' lang='lat' dir='ltr'><strong>Stoici</strong></span> <span class='ocrx_word' id='word_1_29' title='bbox 607 890 631 929; x_wconf 87' lang='lat' dir='ltr'><strong>a</strong></span> <span class='ocrx_word' id='word_1_30' title='bbox 652 865 821 951; x_wconf 74' lang='lat' dir='ltr'>Megaricis</span> <span class='ocrx_word' id='word_1_31' title='bbox 837 888 912 930; x_wconf 90' lang='lat' dir='ltr'><strong>cnm</strong></span> <span class='ocrx_word' id='word_1_32' title='bbox 935 867 1101 952; x_wconf 85' lang='lat' dir='ltr'><strong>plerisque</strong></span> <span class='ocrx_word' id='word_1_33' title='bbox 1123 889 1187 932; x_wconf 91' lang='lat' dir='ltr'><strong>eo·</strong></span> 
     </span>
     <span class='ocr_line' id='line_1_6' title="bbox 123 976 1190 1062; baseline 0.001 -21"><span class='ocrx_word' id='word_1_34' title='bbox 123 999 199 1041; x_wconf 81' lang='lat' dir='ltr'><strong>rum</strong></span> <span class='ocrx_word' id='word_1_35' title='bbox 230 976 411 1060; x_wconf 73' lang='lat' dir='ltr'>praeceptis</span> <span class='ocrx_word' id='word_1_36' title='bbox 437 976 553 1061; x_wconf 75' lang='lat' dir='ltr'><strong>logicis</strong></span> <span class='ocrx_word' id='word_1_37' title='bbox 584 977 680 1040; x_wconf 83' lang='lat' dir='ltr'><strong>etiam</strong></span> <span class='ocrx_word' id='word_1_38' title='bbox 706 976 765 1041; x_wconf 86' lang='lat' dir='ltr'><strong>has</strong></span> <span class='ocrx_word' id='word_1_39' title='bbox 800 976 967 1062; x_wconf 81' lang='lat' dir='ltr'><strong>captiones</strong></span> <span class='ocrx_word' id='word_1_40' title='bbox 988 978 1190 1062; x_wconf 74' lang='lat' dir='ltr'><strong>arriperent,</strong></span> 
     </span>
     <span class='ocr_line' id='line_1_7' title="bbox 121 1084 1189 1170; baseline 0.001 -21"><span class='ocrx_word' id='word_1_41' title='bbox 121 1089 336 1170; x_wconf 79' lang='lat' dir='ltr'><strong>‚Quantopere</strong></span> <span class='ocrx_word' id='word_1_42' title='bbox 355 1093 466 1148; x_wconf 83' lang='lat' dir='ltr'><strong>autem</strong></span> <span class='ocrx_word' id='word_1_43' title='bbox 481 1084 520 1149; x_wconf 88' lang='lat' dir='ltr'><strong>iis</strong></span> <span class='ocrx_word' id='word_1_44' title='bbox 538 1085 709 1164; x_wconf 86' lang='lat' dir='ltr'><strong>delectati,</strong></span> <span class='ocrx_word' id='word_1_45' title='bbox 748 1104 846 1168; x_wconf 89' lang='lat' dir='ltr'><strong>quam</strong></span> <span class='ocrx_word' id='word_1_46' title='bbox 870 1084 997 1148; x_wconf 81' lang='lat' dir='ltr'><strong>assidue</strong></span> <span class='ocrx_word' id='word_1_47' title='bbox 1028 1086 1078 1149; x_wconf 87' lang='lat' dir='ltr'><strong>nsi</strong></span> <span class='ocrx_word' id='word_1_48' title='bbox 1105 1086 1189 1170; x_wconf 83' lang='lat' dir='ltr'><strong>sint,</strong></span> 
     </span>
     <span class='ocr_line' id='line_1_8' title="bbox 126 1193 1191 1280; baseline -0.002 -23"><span class='ocrx_word' id='word_1_49' title='bbox 126 1193 335 1280; x_wconf 81' lang='lat' dir='ltr'><strong>perspicuum</strong></span> <span class='ocrx_word' id='word_1_50' title='bbox 356 1202 404 1256; x_wconf 83' lang='lat' dir='ltr'><strong>ert</strong></span> <span class='ocrx_word' id='word_1_51' title='bbox 420 1214 494 1255; x_wconf 88' lang='lat' dir='ltr'><strong>cum</strong></span> <span class='ocrx_word' id='word_1_52' title='bbox 505 1216 523 1255; x_wconf 92' lang='lat' dir='ltr'><strong>e</strong></span> <span class='ocrx_word' id='word_1_53' title='bbox 536 1194 695 1257; x_wconf 86' lang='lat' dir='ltr'><strong>Cicerone</strong></span> <span class='ocrx_word' id='word_1_54' title='bbox 712 1201 783 1256; x_wconf 89' lang='lat' dir='ltr'><strong>tum</strong></span> <span class='ocrx_word' id='word_1_55' title='bbox 797 1215 815 1256; x_wconf 95' lang='lat' dir='ltr'><strong>e</strong></span> <span class='ocrx_word' id='word_1_56' title='bbox 829 1193 977 1278; x_wconf 83' lang='lat' dir='ltr'><strong>Diogene</strong></span> <span class='ocrx_word' id='word_1_57' title='bbox 993 1196 1030 1262; x_wconf 89' lang='lat' dir='ltr'><strong>L.</strong></span> <span class='ocrx_word' id='word_1_58' title='bbox 1046 1195 1119 1261; x_wconf 85' lang='lat' dir='ltr'><strong>Vll.</strong></span> <span class='ocrx_word' id='word_1_59' title='bbox 1132 1197 1191 1275; x_wconf 69' lang='grc'><strong>44.</strong></span> 
     </span>
     <span class='ocr_line' id='line_1_9' title="bbox 124 1300 1194 1389; baseline -0.001 -22"><span class='ocrx_word' id='word_1_60' title='bbox 124 1305 211 1370; x_wconf 86' lang='lat' dir='ltr'><strong>Add.</strong></span> <span class='ocrx_word' id='word_1_61' title='bbox 234 1300 402 1371; x_wconf 79' lang='lat' dir='ltr'><strong>Plutarch.</strong></span> <span class='ocrx_word' id='word_1_62' title='bbox 425 1304 572 1389; x_wconf 81' lang='lat' dir='ltr'><strong>Repugn.</strong></span> <span class='ocrx_word' id='word_1_63' title='bbox 591 1305 689 1368; x_wconf 86' lang='lat' dir='ltr'><strong>Stoic.</strong></span> <span class='ocrx_word' id='word_1_64' title='bbox 711 1327 744 1388; x_wconf 87' lang='lat' dir='ltr'><strong>p.</strong></span> <span class='ocrx_word' id='word_1_65' title='bbox 768 1304 856 1372; x_wconf 75' lang='lat'>1056.</span> <span class='ocrx_word' id='word_1_66' title='bbox 881 1328 913 1388; x_wconf 89' lang='lat' dir='ltr'><strong>p.</strong></span> <span class='ocrx_word' id='word_1_67' title='bbox 936 1304 1194 1385; x_wconf 67' lang='lat' dir='ltr'><strong>244W51t0et</strong></span> 
     </span>
     <span class='ocr_line' id='line_1_10' title="bbox 120 1396 1107 1497; baseline -0.002 -19"><span class='ocrx_word' id='word_1_68' title='bbox 120 1410 251 1478; x_wconf 69' lang='lat' dir='ltr'><strong>Seneca</strong></span> <span class='ocrx_word' id='word_1_69' title='bbox 274 1412 377 1497; x_wconf 84' lang='lat' dir='ltr'><strong>Epist.</strong></span> <span class='ocrx_word' id='word_1_70' title='bbox 393 1411 446 1489; x_wconf 75' lang='lat'><strong>45.</strong></span> <span class='ocrx_word' id='word_1_71' title='bbox 462 1432 493 1496; x_wconf 88' lang='lat' dir='ltr'><strong>p.</strong></span> <span class='ocrx_word' id='word_1_72' title='bbox 510 1409 585 1477; x_wconf 78' lang='lat' dir='ltr'><strong>lt5ss.</strong></span> <span class='ocrx_word' id='word_1_73' title='bbox 605 1396 691 1495; x_wconf 82' lang='lat' dir='ltr'><strong>Lips.</strong></span> <span class='ocrx_word' id='word_1_74' title='bbox 704 1409 840 1478; x_wconf 79' lang='lat' dir='ltr'><strong>Luciam</strong></span> <span class='ocrx_word' id='word_1_75' title='bbox 853 1410 909 1476; x_wconf 78' lang='lat' dir='ltr'><strong>vit</strong></span> <span class='ocrx_word' id='word_1_76' title='bbox 929 1420 1013 1479; x_wconf 83' lang='lat' dir='ltr'><strong>auct.</strong></span> <span class='ocrx_word' id='word_1_77' title='bbox 1033 1410 1057 1474; x_wconf 86' lang='lat'><strong>1.</strong></span> <span class='ocrx_word' id='word_1_78' title='bbox 1078 1436 1107 1476; x_wconf 80' lang='lat' dir='ltr'><strong>e.</strong></span> 
     </span>
    </p>
   </div>
   <div class='ocr_carea' id='block_1_3' title="bbox 48 1570 1202 3514">
    <p class='ocr_par' dir='ltr' id='par_1_3' title="bbox 85 1570 1201 2429">
     <span class='ocr_line' id='line_1_11' title="bbox 210 1570 1192 1672; baseline -0.004 -18"><span class='ocrx_word' id='word_1_79' title='bbox 210 1589 338 1654; x_wconf 75' lang='lat' dir='ltr'><strong>Verum</strong></span> <span class='ocrx_word' id='word_1_80' title='bbox 362 1583 493 1650; x_wconf 84' lang='lat' dir='ltr'><strong>Platoni</strong></span> <span class='ocrx_word' id='word_1_81' title='bbox 509 1584 568 1648; x_wconf 90' lang='lat' dir='ltr'><strong>has</strong></span> <span class='ocrx_word' id='word_1_82' title='bbox 586 1583 773 1669; x_wconf 85' lang='lat' dir='ltr'><strong>disputandi</strong></span> <span class='ocrx_word' id='word_1_83' title='bbox 795 1585 870 1650; x_wconf 89' lang='lat' dir='ltr'><strong>lites</strong></span> <span class='ocrx_word' id='word_1_84' title='bbox 897 1570 1102 1672; x_wconf 75' lang='lat' dir='ltr'><strong>magnopere</strong></span> <span class='ocrx_word' id='word_1_85' title='bbox 1118 1588 1192 1650; x_wconf 88' lang='lat' dir='ltr'><strong>im-</strong></span> 
     </span>
     <span class='ocr_line' id='line_1_12' title="bbox 124 1691 1194 1784; baseline 0.001 -24"><span class='ocrx_word' id='word_1_86' title='bbox 124 1696 275 1784; x_wconf 81' lang='lat' dir='ltr'><strong>probatas</strong></span> <span class='ocrx_word' id='word_1_87' title='bbox 313 1693 433 1768; x_wconf 79' lang='lat' dir='ltr'><strong>fuisse,</strong></span> <span class='ocrx_word' id='word_1_88' title='bbox 472 1691 766 1776; x_wconf 84' lang='lat' dir='ltr'><strong>locupletissimum</strong></span> <span class='ocrx_word' id='word_1_89' title='bbox 797 1701 900 1757; x_wconf 81' lang='lat' dir='ltr'><strong>exstat</strong></span> <span class='ocrx_word' id='word_1_90' title='bbox 939 1695 1194 1761; x_wconf 86' lang='lat' dir='ltr'><strong>documentum.</strong></span> 
     </span>
     <span class='ocr_line' id='line_1_13' title="bbox 126 1799 1197 1885; baseline -0.01 -16"><span class='ocrx_word' id='word_1_91' title='bbox 126 1805 187 1869; x_wconf 84' lang='lat' dir='ltr'><strong>Est</strong></span> <span class='ocrx_word' id='word_1_92' title='bbox 207 1803 297 1867; x_wconf 89' lang='lat' dir='ltr'><strong>enim</strong></span> <span class='ocrx_word' id='word_1_93' title='bbox 318 1800 384 1863; x_wconf 89' lang='lat' dir='ltr'><strong>hoc</strong></span> <span class='ocrx_word' id='word_1_94' title='bbox 409 1800 613 1884; x_wconf 84' lang='lat' dir='ltr'><strong>praeclarum</strong></span> <span class='ocrx_word' id='word_1_95' title='bbox 636 1799 972 1885; x_wconf 78' lang='lat' dir='ltr'><strong>schleiermacheri1)</strong></span> <span class='ocrx_word' id='word_1_96' title='bbox 999 1803 1042 1871; x_wconf 85' lang='lat' dir='ltr'><strong>V.</strong></span> <span class='ocrx_word' id='word_1_97' title='bbox 1067 1806 1104 1873; x_wconf 77' lang='lat' dir='ltr'><strong>C,</strong></span> <span class='ocrx_word' id='word_1_98' title='bbox 1131 1805 1197 1869; x_wconf 81' lang='lat' dir='ltr'><strong>in.</strong></span> 
     </span>
     <span class='ocr_line' id='line_1_14' title="bbox 126 1907 1197 1996; baseline -0.002 -18"><span class='ocrx_word' id='word_1_99' title='bbox 126 1921 281 1987; x_wconf 79' lang='lat' dir='ltr'><strong>ventum,</strong></span> <span class='ocrx_word' id='word_1_100' title='bbox 302 1907 461 1992; x_wconf 83' lang='lat' dir='ltr'><strong>scriptum</strong></span> <span class='ocrx_word' id='word_1_101' title='bbox 479 1929 549 1971; x_wconf 86' lang='lat' dir='ltr'><strong>esse</strong></span> <span class='ocrx_word' id='word_1_102' title='bbox 563 1907 805 1994; x_wconf 84' lang='lat' dir='ltr'><strong>Euthydemum</strong></span> <span class='ocrx_word' id='word_1_103' title='bbox 824 1910 864 1972; x_wconf 92' lang='lat' dir='ltr'><strong>ad</strong></span> <span class='ocrx_word' id='word_1_104' title='bbox 879 1910 965 1974; x_wconf 85' lang='lat' dir='ltr'><strong>rixas</strong></span> <span class='ocrx_word' id='word_1_105' title='bbox 983 1910 1197 1996; x_wconf 86' lang='lat' dir='ltr'><strong>potissimum</strong></span> 
     </span>
     <span class='ocr_line' id='line_1_15' title="bbox 126 2017 1198 2104; baseline -0.004 -22"><span class='ocrx_word' id='word_1_106' title='bbox 126 2017 419 2090; x_wconf 72' lang='lat' dir='ltr'><strong>Antistheneorum</strong></span> <span class='ocrx_word' id='word_1_107' title='bbox 444 2027 478 2081; x_wconf 89' lang='lat' dir='ltr'><strong>et</strong></span> <span class='ocrx_word' id='word_1_108' title='bbox 510 2017 748 2102; x_wconf 76' lang='lat' dir='ltr'><strong>Megaricorum</strong></span> <span class='ocrx_word' id='word_1_109' title='bbox 777 2019 931 2084; x_wconf 86' lang='lat' dir='ltr'><strong>ridendas</strong></span> <span class='ocrx_word' id='word_1_110' title='bbox 964 2029 1062 2104; x_wconf 87' lang='lat' dir='ltr'><strong>atque</strong></span> <span class='ocrx_word' id='word_1_111' title='bbox 1093 2041 1198 2083; x_wconf 86' lang='lat' dir='ltr'><strong>coer.</strong></span> 
     </span>
     <span class='ocr_line' id='line_1_16' title="bbox 85 2121 1198 2209; baseline 0.003 -18"><span class='ocrx_word' id='word_1_112' title='bbox 85 2148 88 2159; x_wconf 73' lang='grc'><em>’</em></span> <span class='ocrx_word' id='word_1_113' title='bbox 127 2125 257 2191; x_wconf 78' lang='lat' dir='ltr'><strong>condas.</strong></span> <span class='ocrx_word' id='word_1_114' title='bbox 301 2121 403 2186; x_wconf 86' lang='lat' dir='ltr'><strong>Cuius</strong></span> <span class='ocrx_word' id='word_1_115' title='bbox 419 2125 617 2208; x_wconf 86' lang='lat' dir='ltr'><strong>argumentis</strong></span> <span class='ocrx_word' id='word_1_116' title='bbox 639 2122 728 2186; x_wconf 86' lang='lat' dir='ltr'><strong>haud</strong></span> <span class='ocrx_word' id='word_1_117' title='bbox 749 2124 819 2188; x_wconf 84' lang='lat' dir='ltr'><strong>scio</strong></span> <span class='ocrx_word' id='word_1_118' title='bbox 838 2147 878 2188; x_wconf 85' lang='lat' dir='ltr'><strong>an</strong></span> <span class='ocrx_word' id='word_1_119' title='bbox 901 2128 1071 2209; x_wconf 77' lang='lat' dir='ltr'><strong>uetuerit,</strong></span> <span class='ocrx_word' id='word_1_120' title='bbox 1101 2129 1198 2194; x_wconf 80' lang='lat' dir='ltr'><strong>diffi-</strong></span> 
     </span>
     <span class='ocr_line' id='line_1_17' title="bbox 125 2229 1201 2304; baseline 0.002 -3"><span class='ocrx_word' id='word_1_121' title='bbox 125 2235 214 2301; x_wconf 85' lang='lat' dir='ltr'><strong>dere.</strong></span> <span class='ocrx_word' id='word_1_122' title='bbox 256 2231 341 2294; x_wconf 89' lang='lat' dir='ltr'><strong>Mihi</strong></span> <span class='ocrx_word' id='word_1_123' title='bbox 369 2239 457 2293; x_wconf 89' lang='lat' dir='ltr'><strong>certe</strong></span> <span class='ocrx_word' id='word_1_124' title='bbox 482 2229 573 2291; x_wconf 85' lang='lat' dir='ltr'><strong>firma</strong></span> <span class='ocrx_word' id='word_1_125' title='bbox 593 2229 659 2292; x_wconf 85' lang='lat' dir='ltr'><strong>risa</strong></span> <span class='ocrx_word' id='word_1_126' title='bbox 693 2240 780 2294; x_wconf 88' lang='lat' dir='ltr'><strong>sunt.</strong></span> <span class='ocrx_word' id='word_1_127' title='bbox 820 2232 966 2298; x_wconf 82' lang='lat' dir='ltr'><strong>Difficile</strong></span> <span class='ocrx_word' id='word_1_128' title='bbox 1002 2244 1112 2298; x_wconf 86' lang='lat' dir='ltr'><strong>autem</strong></span> <span class='ocrx_word' id='word_1_129' title='bbox 1143 2248 1201 2304; x_wconf 85' lang='lat' dir='ltr'><strong>est</strong></span> 
     </span>
     <span class='ocr_line' id='line_1_18' title="bbox 126 2338 1201 2429; baseline -0.007 -23"><span class='ocrx_word' id='word_1_130' title='bbox 126 2338 296 2423; x_wconf 77' lang='lat' dir='ltr'><strong>indicare,</strong></span> <span class='ocrx_word' id='word_1_131' title='bbox 318 2361 479 2427; x_wconf 88' lang='lat' dir='ltr'><strong>quaenam</strong></span> <span class='ocrx_word' id='word_1_132' title='bbox 502 2360 543 2402; x_wconf 84' lang='lat' dir='ltr'><strong>ex</strong></span> <span class='ocrx_word' id='word_1_133' title='bbox 567 2338 717 2423; x_wconf 73' lang='lat' dir='ltr'><strong>plurimis</strong></span> <span class='ocrx_word' id='word_1_134' title='bbox 740 2340 939 2425; x_wconf 83' lang='lat' dir='ltr'><strong>Enthydcmi</strong></span> <span class='ocrx_word' id='word_1_135' title='bbox 964 2354 999 2407; x_wconf 86' lang='lat' dir='ltr'><strong>et</strong></span> <span class='ocrx_word' id='word_1_136' title='bbox 1025 2343 1201 2429; x_wconf 78' lang='lat' dir='ltr'><strong>Dionyso.</strong></span> 
     </span>
    </p>

    <p class='ocr_par' dir='ltr' id='par_1_4' title="bbox 48 2444 1202 3514">
     <span class='ocr_line' id='line_1_19' title="bbox 133 2444 1200 2536; baseline 0 -22"><span class='ocrx_word' id='word_1_137' title='bbox 133 2452 213 2519; x_wconf 85' lang='lat' dir='ltr'><strong>dori¹</strong></span> <span class='ocrx_word' id='word_1_138' title='bbox 235 2447 440 2536; x_wconf 85' lang='lat' dir='ltr'><strong>sophismatis</strong></span> <span class='ocrx_word' id='word_1_139' title='bbox 468 2444 641 2530; x_wconf 76' lang='lat' dir='ltr'><strong>Megaricis</strong></span> <span class='ocrx_word' id='word_1_140' title='bbox 676 2444 880 2530; x_wconf 83' lang='lat' dir='ltr'><strong>potissimum</strong></span> <span class='ocrx_word' id='word_1_141' title='bbox 904 2449 972 2511; x_wconf 89' lang='lat' dir='ltr'><strong>sint</strong></span> <span class='ocrx_word' id='word_1_142' title='bbox 1003 2449 1200 2516; x_wconf 71' lang='lat' dir='ltr'><strong>tribuendar</strong></span> 
     </span>
     <span class='ocr_line' id='line_1_20' title="bbox 48 2536 1202 2647; baseline -0.002 -22"><span class='ocrx_word' id='word_1_143' title='bbox 48 2536 53 2546; x_wconf 23' lang='grc' dir='ltr'>ι</span> <span class='ocrx_word' id='word_1_144' title='bbox 130 2562 245 2647; x_wconf 82' lang='lat' dir='ltr'><strong>Neque</strong></span> <span class='ocrx_word' id='word_1_145' title='bbox 268 2580 348 2626; x_wconf 80' lang='lat' dir='ltr'><strong>vero</strong></span> <span class='ocrx_word' id='word_1_146' title='bbox 371 2556 405 2619; x_wconf 90' lang='lat' dir='ltr'><strong>id</strong></span> <span class='ocrx_word' id='word_1_147' title='bbox 425 2575 622 2639; x_wconf 79' lang='lat' dir='ltr'><strong>magnopere</strong></span> <span class='ocrx_word' id='word_1_148' title='bbox 644 2555 745 2617; x_wconf 84' lang='lat' dir='ltr'><strong>refert</strong></span> <span class='ocrx_word' id='word_1_149' title='bbox 752 2600 782 2630; x_wconf 80' lang='lat'><em>„</em></span> <span class='ocrx_word' id='word_1_150' title='bbox 800 2555 976 2620; x_wconf 90' lang='lat' dir='ltr'><strong>dnmmodo</strong></span> <span class='ocrx_word' id='word_1_151' title='bbox 1004 2557 1045 2620; x_wconf 89' lang='lat' dir='ltr'><strong>de</strong></span> <span class='ocrx_word' id='word_1_152' title='bbox 1068 2558 1202 2645; x_wconf 83' lang='lat' dir='ltr'><strong>dialogi</strong></span> 
     </span>
     <span class='ocr_line' id='line_1_21' title="bbox 134 2652 1202 2753; baseline -0.005 -16"><span class='ocrx_word' id='word_1_153' title='bbox 134 2690 263 2737; x_wconf 76' lang='lat' dir='ltr'><strong>summa</strong></span> <span class='ocrx_word' id='word_1_154' title='bbox 286 2672 424 2736; x_wconf 82' lang='lat' dir='ltr'><strong>constet.</strong></span> <span class='ocrx_word' id='word_1_155' title='bbox 454 2652 547 2730; x_wconf 55' lang='lat' dir='ltr'><strong>&#39;Eam</strong></span> <span class='ocrx_word' id='word_1_156' title='bbox 566 2685 643 2731; x_wconf 84' lang='lat' dir='ltr'><strong>vero</strong></span> <span class='ocrx_word' id='word_1_157' title='bbox 666 2663 731 2733; x_wconf 83' lang='lat' dir='ltr'><strong>huc</strong></span> <span class='ocrx_word' id='word_1_158' title='bbox 752 2674 917 2747; x_wconf 88' lang='lat' dir='ltr'><strong>spectare,</strong></span> <span class='ocrx_word' id='word_1_159' title='bbox 949 2667 1080 2751; x_wconf 87' lang='lat' dir='ltr'><strong>egregie</strong></span> <span class='ocrx_word' id='word_1_160' title='bbox 1101 2677 1202 2753; x_wconf 84' lang='lat' dir='ltr'><strong>patet</strong></span> 
     </span>
     <span class='ocr_line' id='line_1_22' title="bbox 132 2770 1200 2864; baseline -0.001 -22"><span class='ocrx_word' id='word_1_161' title='bbox 132 2799 235 2864; x_wconf 88' lang='lat' dir='ltr'><strong>quum</strong></span> <span class='ocrx_word' id='word_1_162' title='bbox 251 2777 351 2858; x_wconf 89' lang='lat' dir='ltr'><strong>hinc,</strong></span> <span class='ocrx_word' id='word_1_163' title='bbox 366 2825 369 2851; x_wconf 31' lang='grc' dir='ltr'><strong><em>ἶ</em></strong></span> <span class='ocrx_word' id='word_1_164' title='bbox 382 2771 473 2858; x_wconf 87' lang='lat' dir='ltr'><strong>quod</strong></span> <span class='ocrx_word' id='word_1_165' title='bbox 488 2770 646 2833; x_wconf 82' lang='lat' dir='ltr'><strong>virtutem</strong></span> <span class='ocrx_word' id='word_1_166' title='bbox 663 2793 733 2835; x_wconf 85' lang='lat' dir='ltr'><strong>sese</strong></span> <span class='ocrx_word' id='word_1_167' title='bbox 754 2771 872 2836; x_wconf 88' lang='lat' dir='ltr'><strong>dooere</strong></span> <span class='ocrx_word' id='word_1_168' title='bbox 893 2772 929 2835; x_wconf 89' lang='lat' dir='ltr'><strong>hi</strong></span> <span class='ocrx_word' id='word_1_169' title='bbox 950 2777 1094 2860; x_wconf 85' lang='lat' dir='ltr'><strong>magistri</strong></span> <span class='ocrx_word' id='word_1_170' title='bbox 1116 2778 1200 2862; x_wconf 87' lang='lat' dir='ltr'><strong>pol·</strong></span> 
     </span>
     <span class='ocr_line' id='line_1_23' title="bbox 129 2881 1199 2967; baseline -0.001 -16"><span class='ocrx_word' id='word_1_171' title='bbox 129 2887 276 2953; x_wconf 86' lang='lat' dir='ltr'><strong>licentur</strong></span> <span class='ocrx_word' id='word_1_172' title='bbox 291 2887 343 2965; x_wconf 79' lang='lat'><strong>2),</strong></span> <span class='ocrx_word' id='word_1_173' title='bbox 372 2885 400 2949; x_wconf 88' lang='lat' dir='ltr'><strong>si</strong></span> <span class='ocrx_word' id='word_1_174' title='bbox 421 2881 518 2947; x_wconf 92' lang='lat' dir='ltr'><strong>modo</strong></span> <span class='ocrx_word' id='word_1_175' title='bbox 536 2882 735 2966; x_wconf 88' lang='lat' dir='ltr'><strong>respondero</strong></span> <span class='ocrx_word' id='word_1_176' title='bbox 756 2882 1020 2947; x_wconf 83' lang='lat' dir='ltr'><strong>adolescentulus</strong></span> <span class='ocrx_word' id='word_1_177' title='bbox 1039 2885 1122 2950; x_wconf 80' lang='lat' dir='ltr'><strong>velit</strong></span> <span class='ocrx_word' id='word_1_178' title='bbox 1144 2887 1199 2967; x_wconf 74' lang='grc'><strong>8),</strong></span> 
     </span>
     <span class='ocr_line' id='line_1_24' title="bbox 133 2990 1198 3081; baseline -0.003 -22"><span class='ocrx_word' id='word_1_179' title='bbox 133 2996 224 3081; x_wconf 84' lang='lat' dir='ltr'><strong>qnod</strong></span> <span class='ocrx_word' id='word_1_180' title='bbox 245 3003 278 3059; x_wconf 88' lang='lat' dir='ltr'><strong>et</strong></span> <span class='ocrx_word' id='word_1_181' title='bbox 295 2990 547 3069; x_wconf 82' lang='lat' dir='ltr'><strong>Antisthenenm</strong></span> <span class='ocrx_word' id='word_1_182' title='bbox 564 2998 614 3052; x_wconf 85' lang='lat' dir='ltr'><strong>ast</strong></span> <span class='ocrx_word' id='word_1_183' title='bbox 628 2998 661 3053; x_wconf 89' lang='lat' dir='ltr'><strong>ct</strong></span> <span class='ocrx_word' id='word_1_184' title='bbox 675 2990 890 3073; x_wconf 88' lang='lat' dir='ltr'><strong>Megaricum,</strong></span> <span class='ocrx_word' id='word_1_185' title='bbox 912 2999 982 3053; x_wconf 88' lang='lat' dir='ltr'><strong>tum</strong></span> <span class='ocrx_word' id='word_1_186' title='bbox 996 3015 1038 3057; x_wconf 79' lang='lat' dir='ltr'><strong>ex</strong></span> <span class='ocrx_word' id='word_1_187' title='bbox 1055 2992 1198 3076; x_wconf 82' lang='lat' dir='ltr'><strong>argutis,</strong></span> 
     </span>
     <span class='ocr_line' id='line_1_25' title="bbox 134 3090 1199 3187; baseline -0.009 -21"><span class='ocrx_word' id='word_1_188' title='bbox 134 3125 215 3187; x_wconf 78' lang='lat' dir='ltr'><strong>quas</strong></span> <span class='ocrx_word' id='word_1_189' title='bbox 237 3101 409 3178; x_wconf 86' lang='lat' dir='ltr'><strong>effutiunt,</strong></span> <span class='ocrx_word' id='word_1_190' title='bbox 443 3096 760 3181; x_wconf 75' lang='lat' dir='ltr'><strong>interrogationibus.</strong></span> <span class='ocrx_word' id='word_1_191' title='bbox 803 3100 972 3177; x_wconf 85' lang='lat' dir='ltr'><strong>Quaerunt</strong></span> <span class='ocrx_word' id='word_1_192' title='bbox 1003 3100 1092 3163; x_wconf 91' lang='lat' dir='ltr'><strong>enim</strong></span> <span class='ocrx_word' id='word_1_193' title='bbox 1121 3090 1199 3187; x_wconf 69' lang='lat' dir='ltr'><strong>liri.</strong></span> 
     </span>
     <span class='ocr_line' id='line_1_26' title="bbox 135 3184 1197 3291; baseline -0.007 -17"><span class='ocrx_word' id='word_1_194' title='bbox 135 3231 246 3274; x_wconf 72' lang='lat' dir='ltr'><strong>mumz</strong></span> <span class='ocrx_word' id='word_1_195' title='bbox 275 3201 481 3291; x_wconf 73' lang='grc' dir='ltr'><strong><em>πότεροί-εἰσι</em></strong></span> <span class='ocrx_word' id='word_1_196' title='bbox 497 3202 561 3267; x_wconf 76' lang='grc' dir='ltr'><strong>τῶν</strong></span> <span class='ocrx_word' id='word_1_197' title='bbox 577 3197 748 3289; x_wconf 72' lang='grc' dir='ltr'><strong>ἅνθρώηον</strong></span> <span class='ocrx_word' id='word_1_198' title='bbox 775 3201 807 3267; x_wconf 86' lang='grc' dir='ltr'><strong>οῖ</strong></span> <span class='ocrx_word' id='word_1_199' title='bbox 826 3184 1066 3286; x_wconf 53' lang='lat' dir='ltr'><strong>nandriensem</strong></span> <span class='ocrx_word' id='word_1_200' title='bbox 1084 3203 1115 3270; x_wconf 79' lang='lat' dir='ltr'><strong>oi</strong></span> <span class='ocrx_word' id='word_1_201' title='bbox 1136 3229 1197 3272; x_wconf 86' lang='lat' dir='ltr'><strong>oo.</strong></span> 
     </span>
     <span class='ocr_line' id='line_1_27' title="bbox 137 3305 1198 3404; baseline -0.006 -24"><span class='ocrx_word' id='word_1_202' title='bbox 137 3312 198 3404; x_wconf 77' lang='grc' dir='ltr'><strong><em>φοὶ</em></strong></span> <span class='ocrx_word' id='word_1_203' title='bbox 215 3305 243 3400; x_wconf 69' lang='grc' dir='ltr'><em>ἢ</em></span> <span class='ocrx_word' id='word_1_204' title='bbox 256 3312 286 3378; x_wconf 84' lang='lat' dir='ltr'><strong>oi</strong></span> <span class='ocrx_word' id='word_1_205' title='bbox 305 3306 467 3396; x_wconf 68' lang='grc' dir='ltr'><strong><em>ἆμαθεῖςς</em></strong></span> <span class='ocrx_word' id='word_1_206' title='bbox 500 3313 608 3399; x_wconf 90' lang='lat' dir='ltr'><strong>quod,</strong></span> <span class='ocrx_word' id='word_1_207' title='bbox 631 3334 838 3398; x_wconf 88' lang='lat' dir='ltr'><strong>quocumque</strong></span> <span class='ocrx_word' id='word_1_208' title='bbox 859 3315 957 3378; x_wconf 88' lang='lat' dir='ltr'><strong>modo</strong></span> <span class='ocrx_word' id='word_1_209' title='bbox 978 3315 1198 3380; x_wconf 77' lang='lat' dir='ltr'><strong>dixerit-Gli.</strong></span> 
     </span>
     <span class='ocr_line' id='line_1_28' title="bbox 135 3422 1198 3514; baseline -0.004 -22"><span class='ocrx_word' id='word_1_210' title='bbox 135 3429 225 3510; x_wconf 79' lang='lat' dir='ltr'><strong>nias,</strong></span> <span class='ocrx_word' id='word_1_211' title='bbox 240 3424 435 3495; x_wconf 73' lang='lat' dir='ltr'><strong>refutatum</strong></span> <span class='ocrx_word' id='word_1_212' title='bbox 453 3422 494 3490; x_wconf 88' lang='lat' dir='ltr'><strong>iri</strong></span> <span class='ocrx_word' id='word_1_213' title='bbox 507 3424 626 3492; x_wconf 81' lang='lat' dir='ltr'><strong>debere</strong></span> <span class='ocrx_word' id='word_1_214' title='bbox 641 3423 684 3502; x_wconf 74' lang='lat' dir='ltr'><strong>l).</strong></span> <span class='ocrx_word' id='word_1_215' title='bbox 738 3423 777 3493; x_wconf 88' lang='lat' dir='ltr'><strong>Id</strong></span> <span class='ocrx_word' id='word_1_216' title='bbox 806 3424 898 3513; x_wconf 86' lang='lat' dir='ltr'><strong>qnod</strong></span> <span class='ocrx_word' id='word_1_217' title='bbox 922 3424 968 3487; x_wconf 89' lang='lat' dir='ltr'><strong>ita</strong></span> <span class='ocrx_word' id='word_1_218' title='bbox 982 3423 1198 3514; x_wconf 44' lang='lat' dir='ltr'><strong>*pronunciat</strong></span> 
     </span>
    </p>
   </div>
   <div class='ocr_carea' id='block_1_4' title="bbox 145 3602 435 3624">
    <p class='ocr_par' dir='ltr' id='par_1_5' title="bbox 145 3602 435 3624">
     <span class='ocr_line' id='line_1_29' title="bbox 145 3602 435 3624; baseline -0.014 0"><span class='ocrx_word' id='word_1_219' title='bbox 145 3602 435 3624; x_wconf 47' lang='lat' dir='ltr'><strong>mur—n*</strong></span> 
     </span>
    </p>
   </div>
   <div class='ocr_carea' id='block_1_5' title="bbox 174 3739 1199 3915">
    <p class='ocr_par' dir='ltr' id='par_1_6' title="bbox 174 3739 1199 3915">
     <span class='ocr_line' id='line_1_30' title="bbox 174 3739 1199 3821; baseline -0.003 -22"><span class='ocrx_word' id='word_1_220' title='bbox 174 3741 200 3815; x_wconf 85' lang='lat' dir='ltr'><strong>r)</strong></span> <span class='ocrx_word' id='word_1_221' title='bbox 234 3741 297 3798; x_wconf 81' lang='lat' dir='ltr'><strong>vid.</strong></span> <span class='ocrx_word' id='word_1_222' title='bbox 321 3743 444 3798; x_wconf 87' lang='lat' dir='ltr'><strong>Prooem.</strong></span> <span class='ocrx_word' id='word_1_223' title='bbox 468 3741 586 3812; x_wconf 83' lang='lat' dir='ltr'><strong>Euthyd.</strong></span> <span class='ocrx_word' id='word_1_224' title='bbox 610 3759 638 3815; x_wconf 86' lang='lat' dir='ltr'><strong>p.</strong></span> <span class='ocrx_word' id='word_1_225' title='bbox 658 3739 721 3814; x_wconf 64' lang='lat'><strong>403,</strong></span> <span class='ocrx_word' id='word_1_226' title='bbox 747 3759 789 3815; x_wconf 85' lang='lat' dir='ltr'><strong>sq.</strong></span> <span class='ocrx_word' id='word_1_227' title='bbox 814 3741 877 3798; x_wconf 83' lang='lat' dir='ltr'><strong>coll.</strong></span> <span class='ocrx_word' id='word_1_228' title='bbox 897 3742 1019 3798; x_wconf 78' lang='lat' dir='ltr'><strong>Prooem·</strong></span> <span class='ocrx_word' id='word_1_229' title='bbox 1039 3740 1143 3817; x_wconf 68' lang='lat' dir='ltr'><strong>Cratgt</strong></span> <span class='ocrx_word' id='word_1_230' title='bbox 1162 3758 1199 3821; x_wconf 64' lang='lat' dir='ltr'><strong>Pt-</strong></span> 
     </span>
     <span class='ocr_line' id='line_1_31' title="bbox 247 3842 558 3915; baseline -0.006 -20"><span class='ocrx_word' id='word_1_231' title='bbox 247 3844 286 3900; x_wconf 79' lang='lat'><strong>15.</strong></span> <span class='ocrx_word' id='word_1_232' title='bbox 309 3842 388 3915; x_wconf 83' lang='lat' dir='ltr'><strong>Ding.</strong></span> <span class='ocrx_word' id='word_1_233' title='bbox 408 3843 439 3895; x_wconf 88' lang='lat' dir='ltr'><strong>L.</strong></span> <span class='ocrx_word' id='word_1_234' title='bbox 449 3843 492 3914; x_wconf 62' lang='lat' dir='ltr'><strong>,IL</strong></span> <span class='ocrx_word' id='word_1_235' title='bbox 515 3845 558 3901; x_wconf 77' lang='lat'><strong>30.</strong></span> 
     </span>
    </p>
   </div>
   <div class='ocr_carea' id='block_1_6' title="bbox 141 3957 657 4273">
    <p class='ocr_par' dir='ltr' id='par_1_7' title="bbox 141 3957 657 4273">
     <span class='ocr_line' id='line_1_32' title="bbox 173 3957 657 4032; baseline -0.021 -9"><span class='ocrx_word' id='word_1_236' title='bbox 173 3957 208 4032; x_wconf 76' lang='lat'><strong>2)</strong></span> <span class='ocrx_word' id='word_1_237' title='bbox 240 3957 361 4031; x_wconf 76' lang='lat' dir='ltr'><strong>Euthyd.</strong></span> <span class='ocrx_word' id='word_1_238' title='bbox 378 3978 405 4032; x_wconf 81' lang='lat' dir='ltr'><strong>p.</strong></span> <span class='ocrx_word' id='word_1_239' title='bbox 426 3961 486 4032; x_wconf 78' lang='lat'><strong>²7³·</strong></span> <span class='ocrx_word' id='word_1_240' title='bbox 506 3959 533 4013; x_wconf 91' lang='lat' dir='ltr'><strong>d.</strong></span> <span class='ocrx_word' id='word_1_241' title='bbox 552 3959 613 4031; x_wconf 68' lang='lat'><strong>274.</strong></span> <span class='ocrx_word' id='word_1_242' title='bbox 633 3976 657 4014; x_wconf 87' lang='lat' dir='ltr'><strong>e.</strong></span> 
     </span>
     <span class='ocr_line' id='line_1_33' title="bbox 177 4076 532 4151; baseline -0.056 0"><span class='ocrx_word' id='word_1_243' title='bbox 177 4077 214 4150; x_wconf 70' lang='grc'><strong>3)</strong></span> <span class='ocrx_word' id='word_1_244' title='bbox 245 4076 362 4146; x_wconf 65' lang='lat' dir='ltr'><strong>Euffitd·</strong></span> <span class='ocrx_word' id='word_1_245' title='bbox 381 4093 409 4148; x_wconf 73' lang='lat' dir='ltr'><strong>p·</strong></span> <span class='ocrx_word' id='word_1_246' title='bbox 428 4078 488 4151; x_wconf 75' lang='lat'><strong>275·</strong></span> <span class='ocrx_word' id='word_1_247' title='bbox 509 4095 532 4132; x_wconf 90' lang='lat' dir='ltr'><strong>c.</strong></span> 
     </span>
     <span class='ocr_line' id='line_1_34' title="bbox 141 4168 580 4273; baseline -0.03 -9"><span class='ocrx_word' id='word_1_248' title='bbox 141 4180 211 4270; x_wconf 82' lang='lat' dir='ltr'><strong>o</strong></span> <span class='ocrx_word' id='word_1_249' title='bbox 245 4168 369 4273; x_wconf 30' lang='lat' dir='ltr'><strong>auara-1</strong></span> <span class='ocrx_word' id='word_1_250' title='bbox 382 4213 411 4269; x_wconf 63' lang='lat' dir='ltr'><strong>p.</strong></span> <span class='ocrx_word' id='word_1_251' title='bbox 431 4198 498 4272; x_wconf 63' lang='grc' dir='ltr'><strong>ηε.</strong></span> <span class='ocrx_word' id='word_1_252' title='bbox 513 4194 542 4257; x_wconf 71' lang='lat' dir='ltr'><strong>r</strong></span> <span class='ocrx_word' id='word_1_253' title='bbox 557 4212 580 4251; x_wconf 59' lang='grc' dir='ltr'><strong>ο.</strong></span> 
     </span>
    </p>
   </div>
   <div class='ocr_carea' id='block_1_7' title="bbox 0 0 1336 4732">
    <p class='ocr_par' dir='ltr' id='par_1_8' title="bbox 0 0 1336 4732">
     <span class='ocr_line' id='line_1_35' title="bbox 0 0 1336 4732; baseline 0 0"><span class='ocrx_word' id='word_1_254' title='bbox 0 0 1336 4732; x_wconf 95' lang='lat' dir='ltr'><strong> </strong></span> 
     </span>
    </p>
   </div>
  </div>
 </body>
</html>
