2626 4732
589 354 831 422 ..g-..-

160 520 366 588 Antisthenis
389 538 522 605 quoque
541 519 619 586 libri
643 519 916 609 impertirent,
938 537 1021 606 quos
1035 503 1214 604 ἕρισνικούς

160 630 337 716 inscripsit.
359 630 401 694 V.
421 631 517 716 Diog.
538 631 575 698 L.
597 630 658 699 VI.
681 652 729 714 ¹7·

243 738 350 816 Multo
377 739 651 804 honorificentior
675 749 725 802 est
741 739 994 802 Dialecticorum
1016 735 1213 822 appellatio,

159 868 226 933 qua
252 847 448 932 Dionysium
473 847 570 911 illum
578 894 589 930 ,
621 847 714 913 cuius
738 855 868 935 praeter
890 867 1012 909 nomen
1039 846 1124 908 nihil
1148 847 1214 910 sci-

157 975 250 1036 mus,
272 977 367 1018 usum
388 975 457 1020 esse
476 977 573 1041 supra
594 953 748 1023 vidimus.
787 956 870 1019 Nam
889 952 972 1017 haec
988 953 1214 1038 interrogandi

158 1064 363 1130 cousuetudo
376 1063 508 1150 propria
527 1063 693 1148 quondam
710 1062 837 1126 Zenoni
853 1067 904 1145 1),
936 1061 1054 1126 deiude
1075 1062 1212 1129 familia·

156 1171 203 1235 ris
224 1181 300 1237 aute
321 1171 430 1235 omnia
448 1170 512 1235 fait
530 1171 712 1257 Megaricis.
754 1172 861 1255 Atque
878 1170 972 1234 Plato
993 1168 1128 1254 quidem
1142 1170 1214 1233 ubi·

116 1325 122 1335 -
156 1298 223 1363 que
238 1278 457 1345 Dialecticum
481 1293 628 1364 segregat
654 1280 694 1343 ab
714 1277 855 1343 Eristico
880 1275 1004 1365 pariter
1028 1287 1125 1362 atque
1150 1277 1210 1340 So·

23 1424 28 1440 ν,
155 1387 274 1474 phista.
316 1390 358 1454 V.
399 1387 527 1479 Plrilcb.
561 1410 594 1474 p.
621 1389 667 1454 16.
691 1411 719 1458 e.
773 1385 874 1472 Soph.
898 1407 931 1470 p.
958 1387 1030 1454 255.
1053 1409 1083 1448 c.
1124 1387 1210 1448 conf.

154 1494 290 1566 Aristot.
314 1494 453 1561 Elench.
481 1494 581 1580 Soph.
602 1496 662 1560 Xl.
696 1520 729 1583 p.
761 1495 833 1562 561.
861 1495 978 1562 Buhle.
1020 1491 1210 1556 Aristoteles

155 1612 266 1665 autem
294 1603 491 1667 Dialecticos
507 1608 600 1675 2cum
623 1603 784 1690 sophistis
811 1602 1006 1686 coniungit,
1041 1609 1213 1685 propterea

138 1733 143 1755 ·.
157 1707 248 1791 quod
266 1707 404 1771 eandem
423 1706 629 1792 philosophis
655 1729 725 1770 rem
751 1719 942 1792 tractantes,
962 1710 1132 1777 scientiam
1149 1709 1213 1774 soi·

154 1814 237 1878 licet
256 1812 318 1876 rori
336 1802 436 1897 ὄντος,
458 1817 591 1902 utrique
610 1829 716 1881 tamen
734 1839 774 1880 eo
789 1817 958 1896 differant,
980 1808 1071 1903 qno'd
1086 1819 1212 1885 diversa

156 1942 228 1988 eam
254 1931 394 2006 tractent
420 1926 558 1992 ratione.
598 1927 691 2005 Nam,
723 1926 847 2009 inquit,
876 1919 964 1989 ἔστιν
989 1920 1011 2008 ἦ
1035 1925 1212 2009 διαλεκτικῇ

31 2052 38 2065 ·
154 2027 358 2116 πειραστικὴ,
385 2030 461 2120 περὶ
485 2020 530 2097 οἷν
555 2025 771 2119 ἧφιλοσοφία
803 2027 1014 2116 γνωριστική·
1043 2028 1065 2117 ἦ
1090 2033 1134 2104 tt,
1156 2054 1212 2098 oo.

158 2138 289 2225 φιστικῆ
316 2141 509 2228 φαινομένη,
535 2130 617 2205 calca
644 2129 739 2206 δὀὔ.
779 2140 923 2225 Metaph.
945 2140 1008 2206 ΙΙΙ.
1026 2166 1061 2226 p.
1082 2143 1134 2222 64.
1153 2145 1210 2208 Br.

158 2249 232 2316 add.
246 2248 291 2313 ll.
309 2252 407 2334 p.41·
421 2260 454 2314 et
469 2250 673 2335 praeclarum
692 2250 801 2345 locum
817 2249 854 2318 L.
866 2251 907 2312 X.
925 2272 957 2333 p.
988 2250 1063 2314 218.
1101 2249 1209 2313 Diale·

160 2357 264 2421 cticue
277 2358 377 2442 igitur
390 2371 539 2425 versatur
568 2359 699 2442 quidem
725 2358 759 2420 iu
776 2356 1010 2428 consideranda
1036 2356 1129 2421 Entis
1149 2380 1210 2423 ua·

156 2474 247 2547 tura,
269 2457 349 2547 οὐχ
374 2455 397 2551 ᾗ
420 2451 529 2544 a’tv,
560 2455 648 2528 ἀλλ’
674 2453 698 2550 ᾗ
723 2461 913 2544 ἔνδοξον.
938 2468 978 2531 V.
1009 2465 1104 2533 Anal.
1127 2472 1211 2550 post.

156 2576 184 2644 1.
202 2597 241 2656 κ,
259 2575 289 2639 6.
310 2595 366 2655 ro,
387 2575 417 2642 ὅ.
440 2577 496 2654 ι4,
519 2597 549 2657 7.
567 2573 622 2639 all.
664 2573 786 2661 Virles,
809 2582 966 2658 quantum
984 2571 1066 2635 haec
1088 2574 1211 2637 Aristo

156 2683 233 2748 telis
257 2676 424 2765 δοξαστικὴ
450 2680 623 2747 dialectica
635 2703 654 2745 a
668 2680 836 2748 Platonica
851 2681 910 2751 illa
928 2681 1136 2746 scientiarum
1155 2704 1210 2746 re-

150 2785 233 2874 gina
253 2770 362 2855 distet.
665 2766 667 2777 Ι

238 2898 495 2976 Dialecticorum
523 2901 704 2987 catalogum
738 2898 894 2967 habemus
922 2898 1010 2986 apud
1038 2901 1067 2968 J.
1091 2898 1129 2967 A.
1144 2897 1209 2963 Fa-

81 3022 105 3060 ·'
156 3000 299 3071 bricium
335 3008 371 3072 Β.
401 3011 440 3072 G.
473 3011 549 3077 Vol.
571 3012 632 3075 111.
659 3033 691 3095 p.
725 3010 900 3093 626esqq.
940 3005 1030 3072 Harl.
1062 3015 1095 3072 et
1116 3006 1209 3079 lons.

155 3114 274 3199 script.
296 3114 372 3179 hist.
391 3116 473 3203 phil.
492 3119 527 3181 ll.
558 3141 604 3198 a„
618 3119 677 3204 qui
692 3139 803 3184 omncs
820 3116 991 3202 Megaricis
1008 3123 1047 3179 ut
1065 3115 1133 3180 sint
1147 3136 1208 3177 au·

70 3295 72 3302 Ι
155 3223 370 3306 numerandi,
406 3248 603 3314 magnopere
624 3221 752 3293 vereor.
806 3228 857 3293 Ac
892 3224 1034 3310 primum
1072 3223 1207 3308 quidem

155 3339 280 3394 certum
297 3337 369 3412 est,
403 3336 561 3419 quosdam
581 3335 791 3411 Academicos
806 3332 1003 3396 Dialecticos
1026 3331 1126 3394 fuisse
1147 3353 1207 3396 vo-

154 3445 265 3518 catos,
286 3459 428 3521 quorum
451 3447 634 3534 principem
663 3445 846 3511 statuebant
864 3437 1104 3503 Clitomachum
1123 3438 1206 3500 Car·

142 3543 389 3632 llraginiensem
406 3552 436 3626 2)
446 3599 457 3633 ,
477 3563 547 3618 tum
566 3564 790 3642 autempostea
804 3546 923 3612 Stoicis
938 3546 1135 3633 quibasdam
1154 3569 1204 3614 re·

151 3655 353 3723 certioribus
360 3703 371 3740 ,
399 3661 458 3748 qui
486 3662 677 3732 dialecticae
703 3658 871 3730 docendae
898 3677 934 3726 ae
958 3662 1044 3723 totos
1068 3655 1203 3738 darent,

147 3849 377 3870 m

159 4040 160 4045 Ἰ
207 3952 234 4026 t)
251 3951 320 4012 Plet.
340 3953 423 4033 Soph.
440 3982 468 4038 p.
488 3982 549 4039 ²³7·
567 3983 590 4020 c.

154 4061 160 4090 ³
209 4079 431 4155 2)Drog.1..1.
452 4085 493 4144 18.
516 4104 559 4143 κο.
578 4086 622 4144 IV.
640 4085 684 4157 67.
