2626 4732
616 374 824 452 ...20-

298 536 530 606 Menedemum
567 533 601 606 et
637 537 961 626 Asclepiadcm'non
996 537 1094 602 huius
1132 549 1265 606 tantum

124 624 128 633 .
213 643 344 726 scholae
378 648 511 712 ultimos
539 657 788 732 praeceptores,
831 665 946 709 verum
984 645 1079 707 etiam
1110 648 1265 711 omnium

210 770 315 840 paene
337 756 576 820 Socraticorum
599 759 761 817 extremos
778 751 998 818 existimarim.
1028 754 1162 818 Scilicet
1179 756 1265 816 uni·

209 885 303 928 versa
320 864 420 928 huius
439 864 549 928 aetatis
561 862 831 946 sequentiumque
851 869 1033 945 temporum
1047 861 1264 946 philosophia

210 971 245 1033 in
263 981 387 1055 partem
409 972 473 1033 iam
491 979 624 1035 venerat
642 969 821 1033 communis
841 967 930 1031 illius
949 953 1132 1032 Socraticae
1155 969 1263 1032 here-

208 1077 330 1142 ditatis.
377 1079 467 1158 Quid
497 1087 607 1151 autem
632 1078 752 1141 mirum
762 1121 772 1157 ,
819 1074 848 1140 si
876 1076 965 1139 varia
991 1076 1124 1162 ingenia
1154 1078 1263 1143 variis

112 1234 118 1244 .
206 1186 406 1270 temporibus
427 1187 564 1273 aprima
586 1187 645 1248 illa
658 1184 799 1249 Socratis
826 1181 1033 1269 simplicitate
1061 1193 1095 1252 et
1118 1185 1262 1251 veritate

206 1295 311 1381 magis
328 1295 491 1380 magisque
513 1294 732 1357 desciscerent
749 1292 802 1367 ΙΝ

285 1404 391 1487 Atque
413 1402 468 1465 hic
490 1402 622 1486 quidem
642 1421 708 1463 non
724 1421 855 1485 possum
871 1401 952 1484 quin
968 1413 1149 1486 conquerar
1167 1414 1262 1469 tem.

129 1591 132 1594 ῃ
203 1495 511 1595 porum‘iniuriam‚
533 1531 618 1594 quae
634 1529 700 1570 non
722 1509 829 1570 solum
846 1509 1084 1593 discipulorum
1108 1514 1261 1597 Megari-

202 1639 315 1682 corum
333 1617 579 1680 multitudinem
602 1627 635 1680 et
661 1616 801 1679 nomina>
823 1616 1002 1701 pleraque,
1036 1620 1095 1682 sed
1119 1642 1260 1685 omnem

196 1731 335 1811 'quoque
365 1723 517 1808 διαδοχῆς
543 1724 613 1790 sive
634 1725 865 1787 consecutionis
893 1726 1012 1788 horum
1037 1725 1261 1814 philosopho-

133 1906 142 1920 ·
203 1855 275 1896 rum
289 1833 477 1896 memoriam
503 1831 726 1894 obliterarunt.
769 1834 861 1913 Quae
883 1833 1017 1917 quidem
1039 1855 1091 1898 res
1117 1848 1187 1919 quo'
1208 1832 1257 1900 ad

204 1962 336 2004 omnem
377 1941 530 2023 antiquae
562 1939 1033 2027 philosophiaecognitionem
1056 1942 1169 2004 utilior
1202 1964 1260 2032 est

203 2056 300 2131 atque
322 2047 519 2126 iucundior,
542 2069 581 2112 eo
600 2051 700 2137 ma'gis
724 2052 807 2114 solet
820 2072 889 2113 esse
911 2049 1046 2113 obscura
1068 2059 1163 2133 atque
1184 2050 1259 2113 dif-

111 2143 115 2150 Α
201 2156 308 2221 ficilis.
350 2157 431 2218 Nam
460 2156 615 2243 Diogenis
635 2159 755 2222 Laertii
772 2160 805 2220 in
829 2159 882 2223 his
899 2178 1002 2244 quum
1028 2156 1146 2242 exigua
1168 2155 1259 2222 fides

201 2273 281 2327 tnm'
293 2262 384 2326 nulla
406 2284 538 2348 quoque
564 2265 734 2353 diligentia
749 2277 798 2332 est
813 2267 850 2347 ²).
1203 2253 1208 2258 ’

251 2372 429 2454 Quareage
442 2373 659 2457 experiamur,
681 2398 722 2437 an
737 2374 973 2458 Megaricorum
988 2369 1261 2438 consecutionem

99 2562 101 2566 y
135 2492 138 2499 '
201 2479 425 2560 nobisanimo
453 2479 576 2565 fingere
605 2491 638 2545 et
657 2483 846 2546 coniectura
864 2483 1056 2546 adumbrare
1082 2481 1259 2564 possimus.

172 2611 175 2616 ·
201 2589 273 2668 Qua
291 2588 325 2649 in
341 2587 558 2673 descriptione
576 2599 613 2653 ut
630 2590 731 2651 multa
745 2590 869 2653 incerta
883 2591 989 2655 inesse
1010 2590 1116 2652 sentio
1130 2590 1259 2651 moles-

192 2706 312 2793 tasque
332 2697 522 2781 praesertim
539 2698 684 2779 lacunas,
706 2697 752 2761 ita
772 2698 836 2762 hoc
852 2698 904 2764 rel
931 2699 964 2759 in
984 2697 1096 2783 primis
1113 2698 1259 2761 dubium

201 2815 328 2887 manet,
347 2804 521 2889 ‘semperne
546 2825 632 2869 unus
662 2802 780 2888 aliquis
803 2813 835 2867 et
850 2807 984 2889 quinam
1003 2807 1133 2871 scholae
1154 2829 1258 2892 prae-

90 2985 93 2991 ,
197 2912 308 2992 luerit.
337 2911 431 2994 Quae
453 2912 588 2996 quidem
608 2933 659 2976 res
674 2912 709 2974 in
735 2913 869 2998 reliquis
894 2918 992 2978 etiam
1007 2915 1258 2979 Socraticorum

198 3019 307 3099 sectis,
333 3029 470 3106 excepta
485 3021 677 3100 Academia,
698 3042 813 3105 parum
833 3022 917 3087 solet
936 3031 1093 3091 constare.
1112 3023 1256 3086 Accedit

199 3124 384 3212 temporum
418 3127 545 3192 incerta
585 3128 687 3209 ratio,
722 3151 807 3214 quae
847 3152 951 3215 quum
980 3128 1015 3191 in
1045 3129 1256 3216 paucissimis

167 3306 170 3319 Ι
197 3232 318 3296 diserte
342 3233 460 3297 tradita
484 3233 691 3318 inveniatur,
713 3238 885 3303 latissimus
905 3246 994 3322 patet
1014 3236 1254 3302 hicconiectu-

198 3361 253 3404 rac
273 3361 413 3425 campus.
441 3344 508 3434 Nos
523 3353 632 3408 antem
651 3367 735 3430 quae
754 3345 920 3432 potuimus
940 3346 1088 3414 dedimus
1095 3345 1114 3425 ,'
1128 3365 1196 3407 non
1214 3352 1255 3407 ut

77 3498 85 3508 .
197 3451 381 3531 voluimus,
422 3451 480 3515 aed
501 3461 539 3516 ut
568 3474 628 3517 nos
656 3442 941 3518 monumentorum
972 3453 1084 3540 inopia
1104 3451 1253 3519 obscuri-

127 3605 129 3612 .
198 3568 313 3645 tasque
335 3567 522 3645 coegerunt.

236 3807 267 3879 ι)
300 3804 413 3878 Egregie
427 3805 483 3860 Cic.
505 3803 540 3859 de
558 3804 604 3860 Or.
623 3808 671 3861 111.
695 3824 735 3877 ¹7·
752 3806 835 3862 Acad.
853 3788 875 3865 l.
891 3806 917 3869 lt
936 3809 975 3864 ib.
990 3814 1081 3870 Davis.
1100 3811 1250 3869 Ruhnken.

302 3902 379 3956 Orat.
398 3899 434 3957 ‹le
453 3901 549 3956 Graec
568 3909 618 3956 art.
639 3909 668 3957 et
687 3901 771 3960 doctr.
790 3905 908 3966 inventr.
937 3926 966 3980 p.
984 3910 1030 3969 98.
1051 3909 1083 3964 Τ.
1102 3912 1124 3968 Ι.
1143 3908 1248 3981 Opusc.

296 3997 340 4052 ed.
360 3995 446 4069 Lugd.
468 3996 516 4050 alt.

232 4091 268 4164 a)
301 4091 383 4159 Conl.
399 4090 525 4152 Brundis.
550 4089 586 4148 de
605 4091 678 4149 Scor.
697 4091 782 4151 doctr.
804 4096 835 4151 in
851 4095 925 4152 llus.
944 4096 1033 4159 Rhea.
1050 4099 1073 4156 1.
1092 4114 1121 4171 p.
1138 4117 1197 4171 iro
