<?xml version="1.0" encoding="UTF-8"?>
<!DOCTYPE html PUBLIC "-//W3C//DTD XHTML 1.0 Transitional//EN"
    "http://www.w3.org/TR/xhtml1/DTD/xhtml1-transitional.dtd">
<html xmlns="http://www.w3.org/1999/xhtml" xml:lang="en" lang="en">
 <head>
  <title>
</title>
<meta http-equiv="Content-Type" content="text/html;charset=utf-8" />
  <meta name='ocr-system' content='tesseract 3.04.00' />
  <meta name='ocr-capabilities' content='ocr_page ocr_carea ocr_par ocr_line ocrx_word'/>
</head>
<body>
  <div class='ocr_page' id='page_1' title='image "./demegaricorumdo00deycgoog_0011.png"; bbox 0 0 2626 4732; ppageno 0'>
   <div class='ocr_carea' id='block_1_1' title="bbox 539 454 729 520">
    <p class='ocr_par' dir='ltr' id='par_1_1' title="bbox 539 454 729 520">
     <span class='ocr_line' id='line_1_1' title="bbox 539 454 729 520; baseline 0 -16"><span class='ocrx_word' id='word_1_1' title='bbox 539 454 729 520; x_wconf 69' lang='lat'><strong>...5-</strong></span> 
     </span>
    </p>
   </div>
   <div class='ocr_carea' id='block_1_2' title="bbox 25 607 1237 2217">
    <p class='ocr_par' dir='ltr' id='par_1_2' title="bbox 25 607 1183 927">
     <span class='ocr_line' id='line_1_2' title="bbox 195 607 1183 691; baseline 0.005 -5"><span class='ocrx_word' id='word_1_2' title='bbox 195 623 340 687; x_wconf 84' lang='lat' dir='ltr'><strong>Aetatem</strong></span> <span class='ocrx_word' id='word_1_3' title='bbox 360 619 507 687; x_wconf 86' lang='lat' dir='ltr'><strong>Euclidis</strong></span> <span class='ocrx_word' id='word_1_4' title='bbox 531 639 630 686; x_wconf 89' lang='lat' dir='ltr'><strong>nemo</strong></span> <span class='ocrx_word' id='word_1_5' title='bbox 651 620 795 691; x_wconf 79' lang='lat' dir='ltr'><strong>tradidit.</strong></span> <span class='ocrx_word' id='word_1_6' title='bbox 836 607 982 688; x_wconf 84' lang='lat' dir='ltr'><strong>Platonis</strong></span> <span class='ocrx_word' id='word_1_7' title='bbox 1003 645 1079 690; x_wconf 90' lang='lat' dir='ltr'><strong>eum</strong></span> <span class='ocrx_word' id='word_1_8' title='bbox 1107 648 1183 691; x_wconf 62' lang='lat' dir='ltr'><strong>aee·</strong></span> 
     </span>
     <span class='ocr_line' id='line_1_3' title="bbox 113 729 1165 819; baseline 0.009 -29"><span class='ocrx_word' id='word_1_9' title='bbox 113 730 244 816; x_wconf 87' lang='lat' dir='ltr'><strong>qualem</strong></span> <span class='ocrx_word' id='word_1_10' title='bbox 260 731 424 808; x_wconf 75' lang='lat' dir='ltr'><strong>existimo.</strong></span> <span class='ocrx_word' id='word_1_11' title='bbox 460 731 562 796; x_wconf 86' lang='lat' dir='ltr'><strong>Natus</strong></span> <span class='ocrx_word' id='word_1_12' title='bbox 583 754 660 819; x_wconf 88' lang='lat' dir='ltr'><strong>ergo</strong></span> <span class='ocrx_word' id='word_1_13' title='bbox 678 731 781 797; x_wconf 87' lang='lat' dir='ltr'><strong>fuerit</strong></span> <span class='ocrx_word' id='word_1_14' title='bbox 793 729 849 802; x_wconf 83' lang='lat'><strong>01.</strong></span> <span class='ocrx_word' id='word_1_15' title='bbox 865 731 1078 801; x_wconf 86' lang='lat' dir='ltr'><strong>LXXXVIII.</strong></span> <span class='ocrx_word' id='word_1_16' title='bbox 1096 734 1165 799; x_wconf 89' lang='lat' dir='ltr'><strong>sive</strong></span> 
     </span>
     <span class='ocr_line' id='line_1_4' title="bbox 25 839 1168 927; baseline 0.003 -26"><span class='ocrx_word' id='word_1_17' title='bbox 25 920 28 923; x_wconf 66' lang='lat'><em>,</em></span> <span class='ocrx_word' id='word_1_18' title='bbox 113 839 295 908; x_wconf 84' lang='lat' dir='ltr'><strong>LXXXIX.</strong></span> <span class='ocrx_word' id='word_1_19' title='bbox 322 840 371 901; x_wconf 89' lang='lat' dir='ltr'><strong>De</strong></span> <span class='ocrx_word' id='word_1_20' title='bbox 383 839 551 906; x_wconf 85' lang='lat' dir='ltr'><strong>iuventute</strong></span> <span class='ocrx_word' id='word_1_21' title='bbox 568 841 639 905; x_wconf 90' lang='lat' dir='ltr'><strong>eius</strong></span> <span class='ocrx_word' id='word_1_22' title='bbox 656 839 834 927; x_wconf 84' lang='lat' dir='ltr'><strong>primisque</strong></span> <span class='ocrx_word' id='word_1_23' title='bbox 849 840 962 904; x_wconf 89' lang='lat' dir='ltr'><strong>studiis</strong></span> <span class='ocrx_word' id='word_1_24' title='bbox 982 839 1066 904; x_wconf 94' lang='lat' dir='ltr'><strong>nihil</strong></span> <span class='ocrx_word' id='word_1_25' title='bbox 1090 863 1168 905; x_wconf 88' lang='lat' dir='ltr'><strong>con-</strong></span> 
     </span>
    </p>

    <p class='ocr_par' dir='ltr' id='par_1_3' title="bbox 97 927 1237 2217">
     <span class='ocr_line' id='line_1_5' title="bbox 113 927 1167 1048; baseline 0.003 -38"><span class='ocrx_word' id='word_1_26' title='bbox 113 956 186 1015; x_wconf 88' lang='lat' dir='ltr'><strong>stat.</strong></span> <span class='ocrx_word' id='word_1_27' title='bbox 228 947 432 1010; x_wconf 83' lang='lat' dir='ltr'><strong>Adolescens</strong></span> <span class='ocrx_word' id='word_1_28' title='bbox 457 949 499 1010; x_wconf 88' lang='lat' dir='ltr'><strong>ad</strong></span> <span class='ocrx_word' id='word_1_29' title='bbox 526 950 691 1013; x_wconf 82' lang='lat' dir='ltr'><strong>Socratem</strong></span> <span class='ocrx_word' id='word_1_30' title='bbox 709 939 894 1035; x_wconf 82' lang='lat' dir='ltr'><strong>pervenit,</strong></span> <span class='ocrx_word' id='word_1_31' title='bbox 922 927 1167 1048; x_wconf 80' lang='lat' dir='ltr'><strong>qpemdeinde</strong></span> 
     </span>
     <span class='ocr_line' id='line_1_6' title="bbox 113 1054 1167 1141; baseline 0.004 -26"><span class='ocrx_word' id='word_1_32' title='bbox 113 1055 158 1116; x_wconf 87' lang='lat' dir='ltr'><strong>ita</strong></span> <span class='ocrx_word' id='word_1_33' title='bbox 185 1054 365 1131; x_wconf 85' lang='lat' dir='ltr'><strong>adamavit,</strong></span> <span class='ocrx_word' id='word_1_34' title='bbox 394 1054 488 1116; x_wconf 87' lang='lat' dir='ltr'><strong>utin</strong></span> <span class='ocrx_word' id='word_1_35' title='bbox 510 1055 695 1122; x_wconf 83' lang='lat' dir='ltr'><strong>clarissimis</strong></span> <span class='ocrx_word' id='word_1_36' title='bbox 719 1058 791 1121; x_wconf 85' lang='lat' dir='ltr'><strong>eius</strong></span> <span class='ocrx_word' id='word_1_37' title='bbox 816 1055 983 1141; x_wconf 84' lang='lat' dir='ltr'><strong>discipulis</strong></span> <span class='ocrx_word' id='word_1_38' title='bbox 1003 1078 1069 1121; x_wconf 87' lang='lat' dir='ltr'><strong>una</strong></span> <span class='ocrx_word' id='word_1_39' title='bbox 1091 1079 1167 1120; x_wconf 89' lang='lat' dir='ltr'><strong>cum</strong></span> 
     </span>
     <span class='ocr_line' id='line_1_7' title="bbox 112 1162 1168 1252; baseline 0.003 -27"><span class='ocrx_word' id='word_1_40' title='bbox 112 1163 294 1242; x_wconf 83' lang='lat' dir='ltr'><strong>Aeschine,</strong></span> <span class='ocrx_word' id='word_1_41' title='bbox 323 1162 498 1238; x_wconf 82' lang='lat' dir='ltr'><strong>Phaedone</strong></span> <span class='ocrx_word' id='word_1_42' title='bbox 524 1174 557 1227; x_wconf 89' lang='lat' dir='ltr'><strong>et</strong></span> <span class='ocrx_word' id='word_1_43' title='bbox 588 1166 751 1252; x_wconf 82' lang='lat' dir='ltr'><strong>Aristippo</strong></span> <span class='ocrx_word' id='word_1_44' title='bbox 775 1168 1000 1228; x_wconf 77' lang='lat' dir='ltr'><strong>numeraretur</strong></span> <span class='ocrx_word' id='word_1_45' title='bbox 1018 1168 1059 1242; x_wconf 82' lang='lat'><strong>1).</strong></span> <span class='ocrx_word' id='word_1_46' title='bbox 1091 1166 1168 1228; x_wconf 68' lang='lat' dir='ltr'><strong>⁴So-</strong></span> 
     </span>
     <span class='ocr_line' id='line_1_8' title="bbox 114 1267 1237 1359; baseline 0.001 -26"><span class='ocrx_word' id='word_1_47' title='bbox 114 1277 236 1332; x_wconf 80' lang='lat' dir='ltr'><strong>cratem</strong></span> <span class='ocrx_word' id='word_1_48' title='bbox 250 1267 408 1331; x_wconf 89' lang='lat' dir='ltr'><strong>audiendi</strong></span> <span class='ocrx_word' id='word_1_49' title='bbox 427 1291 522 1333; x_wconf 85' lang='lat' dir='ltr'><strong>causa</strong></span> <span class='ocrx_word' id='word_1_50' title='bbox 529 1271 670 1355; x_wconf 87' lang='lat' dir='ltr'><strong>Megaris</strong></span> <span class='ocrx_word' id='word_1_51' title='bbox 686 1296 782 1359; x_wconf 82' lang='lat' dir='ltr'><strong>saepe</strong></span> <span class='ocrx_word' id='word_1_52' title='bbox 796 1273 942 1340; x_wconf 86' lang='lat' dir='ltr'><strong>Athenas</strong></span> <span class='ocrx_word' id='word_1_53' title='bbox 957 1271 1169 1354; x_wconf 85' lang='lat' dir='ltr'><strong>commeabat,</strong></span> <span class='ocrx_word' id='word_1_54' title='bbox 1233 1350 1237 1355; x_wconf 25' lang='grc' dir='ltr'>Ι</span> 
     </span>
     <span class='ocr_line' id='line_1_9' title="bbox 112 1375 1172 1469; baseline 0.003 -29"><span class='ocrx_word' id='word_1_55' title='bbox 112 1377 149 1440; x_wconf 92' lang='lat' dir='ltr'><strong>id</strong></span> <span class='ocrx_word' id='word_1_56' title='bbox 162 1376 251 1461; x_wconf 91' lang='lat' dir='ltr'><strong>quod</strong></span> <span class='ocrx_word' id='word_1_57' title='bbox 267 1375 302 1437; x_wconf 91' lang='lat' dir='ltr'><strong>in</strong></span> <span class='ocrx_word' id='word_1_58' title='bbox 315 1376 428 1461; x_wconf 89' lang='lat' dir='ltr'><strong>primis</strong></span> <span class='ocrx_word' id='word_1_59' title='bbox 438 1387 552 1469; x_wconf 83' lang='lat' dir='ltr'><strong>putete</strong></span> <span class='ocrx_word' id='word_1_60' title='bbox 565 1380 823 1465; x_wconf 89' lang='lat' dir='ltr'><strong>splendidissimo</strong></span> <span class='ocrx_word' id='word_1_61' title='bbox 831 1377 993 1449; x_wconf 87' lang='lat' dir='ltr'><strong>Platonici</strong></span> <span class='ocrx_word' id='word_1_62' title='bbox 1001 1378 1172 1443; x_wconf 82' lang='lat' dir='ltr'><strong>Theaeteti</strong></span> 
     </span>
     <span class='ocr_line' id='line_1_10' title="bbox 114 1472 1168 1574; baseline -0.004 -27"><span class='ocrx_word' id='word_1_63' title='bbox 114 1485 302 1571; x_wconf 90' lang='lat' dir='ltr'><strong>prooemio,</strong></span> <span class='ocrx_word' id='word_1_64' title='bbox 335 1505 367 1568; x_wconf 93' lang='lat' dir='ltr'><strong>p.</strong></span> <span class='ocrx_word' id='word_1_65' title='bbox 397 1485 466 1561; x_wconf 75' lang='grc'><strong>145.</strong></span> <span class='ocrx_word' id='word_1_66' title='bbox 497 1507 526 1554; x_wconf 87' lang='lat' dir='ltr'><strong>a.</strong></span> <span class='ocrx_word' id='word_1_67' title='bbox 568 1490 775 1574; x_wconf 89' lang='lat' dir='ltr'><strong>Quapropter</strong></span> <span class='ocrx_word' id='word_1_68' title='bbox 796 1491 982 1552; x_wconf 81' lang='lat' dir='ltr'><strong>notissimae</strong></span> <span class='ocrx_word' id='word_1_69' title='bbox 1004 1487 1057 1544; x_wconf 83' lang='lat' dir='ltr'><strong>illi</strong></span> <span class='ocrx_word' id='word_1_70' title='bbox 1081 1472 1168 1574; x_wconf 75' lang='lat' dir='ltr'><strong>apud</strong></span> 
     </span>
     <span class='ocr_line' id='line_1_11' title="bbox 97 1589 1171 1678; baseline 0.004 -25"><span class='ocrx_word' id='word_1_71' title='bbox 97 1592 99 1597; x_wconf 50' lang='lat'><strong><em>⁴</em></strong></span> <span class='ocrx_word' id='word_1_72' title='bbox 116 1593 262 1654; x_wconf 88' lang='lat' dir='ltr'><strong>Gellium</strong></span> <span class='ocrx_word' id='word_1_73' title='bbox 274 1589 316 1678; x_wconf 83' lang='lat'><strong>²),</strong></span> <span class='ocrx_word' id='word_1_74' title='bbox 339 1591 379 1655; x_wconf 93' lang='lat' dir='ltr'><strong>de</strong></span> <span class='ocrx_word' id='word_1_75' title='bbox 394 1592 535 1657; x_wconf 86' lang='lat' dir='ltr'><strong>Euclide</strong></span> <span class='ocrx_word' id='word_1_76' title='bbox 550 1594 608 1678; x_wconf 88' lang='lat' dir='ltr'><strong>qui</strong></span> <span class='ocrx_word' id='word_1_77' title='bbox 622 1600 724 1656; x_wconf 88' lang='lat' dir='ltr'><strong>noctu</strong></span> <span class='ocrx_word' id='word_1_78' title='bbox 740 1590 958 1674; x_wconf 88' lang='lat' dir='ltr'><strong>muliebrique</strong></span> <span class='ocrx_word' id='word_1_79' title='bbox 975 1593 1171 1674; x_wconf 75' lang='lat' dir='ltr'><strong>uesteAthe-</strong></span> 
     </span>
     <span class='ocr_line' id='line_1_12' title="bbox 98 1697 1169 1786; baseline -0.001 -22"><span class='ocrx_word' id='word_1_80' title='bbox 98 1722 175 1764; x_wconf 50' lang='lat' dir='ltr'><strong>’nas</strong></span> <span class='ocrx_word' id='word_1_81' title='bbox 193 1701 340 1781; x_wconf 86' lang='lat' dir='ltr'><strong>venerit,</strong></span> <span class='ocrx_word' id='word_1_82' title='bbox 369 1700 550 1764; x_wconf 85' lang='lat' dir='ltr'><strong>narrationi</strong></span> <span class='ocrx_word' id='word_1_83' title='bbox 569 1721 637 1763; x_wconf 91' lang='lat' dir='ltr'><strong>non</strong></span> <span class='ocrx_word' id='word_1_84' title='bbox 657 1719 809 1781; x_wconf 90' lang='lat' dir='ltr'><strong>omnem,</strong></span> <span class='ocrx_word' id='word_1_85' title='bbox 835 1708 873 1762; x_wconf 91' lang='lat' dir='ltr'><strong>ut</strong></span> <span class='ocrx_word' id='word_1_86' title='bbox 892 1697 1101 1784; x_wconf 86' lang='lat' dir='ltr'><strong>Spaldingius</strong></span> <span class='ocrx_word' id='word_1_87' title='bbox 1116 1701 1169 1786; x_wconf 80' lang='lat'><strong>⁸),</strong></span> 
     </span>
     <span class='ocr_line' id='line_1_13' title="bbox 114 1794 1168 1898; baseline 0.003 -29"><span class='ocrx_word' id='word_1_88' title='bbox 114 1808 214 1869; x_wconf 89' lang='lat' dir='ltr'><strong>fidem</strong></span> <span class='ocrx_word' id='word_1_89' title='bbox 235 1794 432 1893; x_wconf 84' lang='lat' dir='ltr'><strong>denegarim.</strong></span> <span class='ocrx_word' id='word_1_90' title='bbox 473 1807 601 1872; x_wconf 89' lang='lat' dir='ltr'><strong>Socrati</strong></span> <span class='ocrx_word' id='word_1_91' title='bbox 621 1806 777 1898; x_wconf 90' lang='lat' dir='ltr'><strong>morienti</strong></span> <span class='ocrx_word' id='word_1_92' title='bbox 801 1805 930 1870; x_wconf 85' lang='lat' dir='ltr'><strong>affuisse</strong></span> <span class='ocrx_word' id='word_1_93' title='bbox 951 1802 1071 1883; x_wconf 87' lang='lat' dir='ltr'><strong>dicitur</strong></span> <span class='ocrx_word' id='word_1_94' title='bbox 1092 1829 1168 1872; x_wconf 91' lang='lat' dir='ltr'><strong>cum</strong></span> 
     </span>
     <span class='ocr_line' id='line_1_14' title="bbox 114 1908 1169 2002; baseline -0.003 -20"><span class='ocrx_word' id='word_1_95' title='bbox 114 1919 295 2002; x_wconf 85' lang='lat' dir='ltr'><strong>Terpsione</strong></span> <span class='ocrx_word' id='word_1_96' title='bbox 320 1916 503 2001; x_wconf 84' lang='lat' dir='ltr'><strong>Megarensi</strong></span> <span class='ocrx_word' id='word_1_97' title='bbox 524 1913 612 2000; x_wconf 90' lang='lat' dir='ltr'><strong>apud</strong></span> <span class='ocrx_word' id='word_1_98' title='bbox 633 1916 805 1980; x_wconf 83' lang='lat' dir='ltr'><strong>Platonem</strong></span> <span class='ocrx_word' id='word_1_99' title='bbox 823 1908 868 1994; x_wconf 67' lang='lat' dir='ltr'><strong>l).</strong></span> <span class='ocrx_word' id='word_1_100' title='bbox 913 1915 1024 1995; x_wconf 89' lang='lat' dir='ltr'><strong>Quum</strong></span> <span class='ocrx_word' id='word_1_101' title='bbox 1050 1914 1169 1995; x_wconf 78' lang='lat' dir='ltr'><strong>deinde</strong></span> 
     </span>
     <span class='ocr_line' id='line_1_15' title="bbox 116 2011 1167 2108; baseline -0.002 -20"><span class='ocrx_word' id='word_1_102' title='bbox 116 2026 248 2090; x_wconf 83' lang='lat' dir='ltr'><strong>Socrate</strong></span> <span class='ocrx_word' id='word_1_103' title='bbox 265 2035 393 2087; x_wconf 90' lang='lat' dir='ltr'><strong>mortuo</strong></span> <span class='ocrx_word' id='word_1_104' title='bbox 409 2023 549 2106; x_wconf 83' lang='lat' dir='ltr'><strong>Megaris</strong></span> <span class='ocrx_word' id='word_1_105' title='bbox 574 2031 673 2100; x_wconf 85' lang='lat' dir='ltr'><strong>esset,</strong></span> <span class='ocrx_word' id='word_1_106' title='bbox 699 2022 847 2107; x_wconf 87' lang='lat' dir='ltr'><strong>reliquos</strong></span> <span class='ocrx_word' id='word_1_107' title='bbox 868 2022 1049 2090; x_wconf 88' lang='lat' dir='ltr'><strong>Socraticos</strong></span> <span class='ocrx_word' id='word_1_108' title='bbox 1069 2011 1167 2108; x_wconf 73' lang='lat' dir='ltr'><strong>atque</strong></span> 
     </span>
     <span class='ocr_line' id='line_1_16' title="bbox 116 2128 1167 2217; baseline -0.002 -23"><span class='ocrx_word' id='word_1_109' title='bbox 116 2133 222 2217; x_wconf 88' lang='lat' dir='ltr'><strong>ipsum</strong></span> <span class='ocrx_word' id='word_1_110' title='bbox 234 2152 365 2216; x_wconf 89' lang='lat' dir='ltr'><strong>quoque</strong></span> <span class='ocrx_word' id='word_1_111' title='bbox 376 2130 547 2194; x_wconf 86' lang='lat' dir='ltr'><strong>Platonem</strong></span> <span class='ocrx_word' id='word_1_112' title='bbox 557 2128 691 2211; x_wconf 87' lang='lat' dir='ltr'><strong>triginta</strong></span> <span class='ocrx_word' id='word_1_113' title='bbox 706 2137 919 2214; x_wconf 84' lang='lat' dir='ltr'><strong>tyrannorum</strong></span> <span class='ocrx_word' id='word_1_114' title='bbox 933 2137 1024 2193; x_wconf 87' lang='lat' dir='ltr'><strong>metu</strong></span> <span class='ocrx_word' id='word_1_115' title='bbox 1037 2130 1078 2193; x_wconf 88' lang='lat' dir='ltr'><strong>ad</strong></span> <span class='ocrx_word' id='word_1_116' title='bbox 1091 2152 1167 2209; x_wconf 83' lang='lat' dir='ltr'><strong>eum</strong></span> 
     </span>
    </p>
   </div>
   <div class='ocr_carea' id='block_1_3' title="bbox 16 2234 1262 2322">
    <p class='ocr_par' dir='ltr' id='par_1_4' title="bbox 16 2234 1262 2322">
     <span class='ocr_line' id='line_1_17' title="bbox 16 2234 1262 2322; baseline 0.008 -24"><span class='ocrx_word' id='word_1_117' title='bbox 16 2275 19 2285; x_wconf 87' lang='lat'><em>·</em></span> <span class='ocrx_word' id='word_1_118' title='bbox 117 2240 281 2303; x_wconf 86' lang='lat' dir='ltr'><strong>affluxisse</strong></span> <span class='ocrx_word' id='word_1_119' title='bbox 300 2240 422 2303; x_wconf 86' lang='lat' dir='ltr'><strong>ferunt.</strong></span> <span class='ocrx_word' id='word_1_120' title='bbox 463 2235 515 2299; x_wconf 89' lang='lat' dir='ltr'><strong>Ita</strong></span> <span class='ocrx_word' id='word_1_121' title='bbox 531 2234 752 2298; x_wconf 86' lang='lat' dir='ltr'><strong>Hermodorus</strong></span> <span class='ocrx_word' id='word_1_122' title='bbox 766 2235 853 2318; x_wconf 90' lang='lat' dir='ltr'><strong>apud</strong></span> <span class='ocrx_word' id='word_1_123' title='bbox 865 2237 960 2322; x_wconf 88' lang='lat' dir='ltr'><strong>Diog.</strong></span> <span class='ocrx_word' id='word_1_124' title='bbox 977 2239 1013 2307; x_wconf 87' lang='lat' dir='ltr'><strong>L.</strong></span> <span class='ocrx_word' id='word_1_125' title='bbox 1032 2241 1077 2309; x_wconf 82' lang='lat' dir='ltr'><strong>II.</strong></span> <span class='ocrx_word' id='word_1_126' title='bbox 1098 2241 1167 2307; x_wconf 82' lang='lat'><strong>106.</strong></span> <span class='ocrx_word' id='word_1_127' title='bbox 1260 2302 1262 2307; x_wconf 81' lang='grc'>,</span> 
     </span>
    </p>
   </div>
   <div class='ocr_carea' id='block_1_4' title="bbox 114 2341 1166 2644">
    <p class='ocr_par' dir='ltr' id='par_1_5' title="bbox 114 2341 1166 2644">
     <span class='ocr_line' id='line_1_18' title="bbox 114 2341 1165 2432; baseline 0.001 -22"><span class='ocrx_word' id='word_1_128' title='bbox 114 2350 175 2410; x_wconf 92' lang='lat' dir='ltr'><strong>Ill.</strong></span> <span class='ocrx_word' id='word_1_129' title='bbox 195 2349 225 2415; x_wconf 87' lang='lat'><strong>6.</strong></span> <span class='ocrx_word' id='word_1_130' title='bbox 242 2347 285 2408; x_wconf 90' lang='lat' dir='ltr'><strong>ih.</strong></span> <span class='ocrx_word' id='word_1_131' title='bbox 301 2347 430 2430; x_wconf 87' lang='lat' dir='ltr'><strong>Menag.</strong></span> <span class='ocrx_word' id='word_1_132' title='bbox 448 2342 547 2410; x_wconf 82' lang='lat' dir='ltr'><strong>Conf.</strong></span> <span class='ocrx_word' id='word_1_133' title='bbox 564 2342 705 2419; x_wconf 87' lang='lat' dir='ltr'><strong>Bentleii</strong></span> <span class='ocrx_word' id='word_1_134' title='bbox 722 2343 845 2422; x_wconf 79' lang='lat' dir='ltr'><strong>Opusc.</strong></span> <span class='ocrx_word' id='word_1_135' title='bbox 859 2341 941 2428; x_wconf 84' lang='lat' dir='ltr'><strong>phil.</strong></span> <span class='ocrx_word' id='word_1_136' title='bbox 956 2367 987 2429; x_wconf 90' lang='lat' dir='ltr'><strong>p.</strong></span> <span class='ocrx_word' id='word_1_137' title='bbox 1006 2346 1057 2424; x_wconf 73' lang='grc'><strong>54.</strong></span> <span class='ocrx_word' id='word_1_138' title='bbox 1076 2348 1165 2432; x_wconf 90' lang='lat' dir='ltr'><strong>Lips.</strong></span> 
     </span>
     <span class='ocr_line' id='line_1_19' title="bbox 114 2449 1166 2543; baseline 0.002 -27"><span class='ocrx_word' id='word_1_139' title='bbox 114 2453 182 2516; x_wconf 77' lang='lat' dir='ltr'><strong>Ast.</strong></span> <span class='ocrx_word' id='word_1_140' title='bbox 214 2454 254 2513; x_wconf 92' lang='lat' dir='ltr'><strong>de</strong></span> <span class='ocrx_word' id='word_1_141' title='bbox 277 2452 333 2527; x_wconf 81' lang='lat' dir='ltr'><strong>vit.</strong></span> <span class='ocrx_word' id='word_1_142' title='bbox 355 2458 388 2512; x_wconf 92' lang='lat' dir='ltr'><strong>et</strong></span> <span class='ocrx_word' id='word_1_143' title='bbox 407 2449 516 2534; x_wconf 88' lang='lat' dir='ltr'><strong>script.</strong></span> <span class='ocrx_word' id='word_1_144' title='bbox 534 2449 616 2513; x_wconf 86' lang='lat' dir='ltr'><strong>Plat.</strong></span> <span class='ocrx_word' id='word_1_145' title='bbox 640 2472 671 2533; x_wconf 90' lang='lat' dir='ltr'><strong>p.</strong></span> <span class='ocrx_word' id='word_1_146' title='bbox 687 2471 737 2514; x_wconf 82' lang='lat'><strong>22.</strong></span> <span class='ocrx_word' id='word_1_147' title='bbox 778 2451 828 2512; x_wconf 89' lang='lat' dir='ltr'><strong>De</strong></span> <span class='ocrx_word' id='word_1_148' title='bbox 848 2451 913 2513; x_wconf 83' lang='lat' dir='ltr'><strong>vita</strong></span> <span class='ocrx_word' id='word_1_149' title='bbox 931 2461 964 2512; x_wconf 88' lang='lat' dir='ltr'><strong>et</strong></span> <span class='ocrx_word' id='word_1_150' title='bbox 976 2453 1119 2518; x_wconf 91' lang='lat' dir='ltr'><strong>moribus</strong></span> <span class='ocrx_word' id='word_1_151' title='bbox 1135 2452 1166 2543; x_wconf 88' lang='lat'><strong>⁵)</strong></span> 
     </span>
     <span class='ocr_line' id='line_1_20' title="bbox 114 2555 1164 2644; baseline 0.005 -24"><span class='ocrx_word' id='word_1_152' title='bbox 114 2567 245 2644; x_wconf 82' lang='lat' dir='ltr'><strong>praeter</strong></span> <span class='ocrx_word' id='word_1_153' title='bbox 262 2556 422 2640; x_wconf 84' lang='lat' dir='ltr'><strong>insignem</strong></span> <span class='ocrx_word' id='word_1_154' title='bbox 445 2556 480 2617; x_wconf 87' lang='lat' dir='ltr'><strong>in</strong></span> <span class='ocrx_word' id='word_1_155' title='bbox 504 2556 636 2618; x_wconf 85' lang='lat' dir='ltr'><strong>fratrem</strong></span> <span class='ocrx_word' id='word_1_156' title='bbox 658 2555 864 2620; x_wconf 90' lang='lat' dir='ltr'><strong>clementiam</strong></span> <span class='ocrx_word' id='word_1_157' title='bbox 887 2557 968 2619; x_wconf 92' lang='lat' dir='ltr'><strong>nihil</strong></span> <span class='ocrx_word' id='word_1_158' title='bbox 989 2558 1164 2625; x_wconf 76' lang='lat' dir='ltr'><strong>admodum</strong></span> 
     </span>
    </p>
   </div>
   <div class='ocr_carea' id='block_1_5' title="bbox 115 2662 1163 2864">
    <p class='ocr_par' dir='ltr' id='par_1_6' title="bbox 115 2662 1163 2864">
     <span class='ocr_line' id='line_1_21' title="bbox 115 2662 1163 2755; baseline 0 -26"><span class='ocrx_word' id='word_1_159' title='bbox 115 2666 342 2749; x_wconf 82' lang='lat' dir='ltr'><strong>comperimus.</strong></span> <span class='ocrx_word' id='word_1_160' title='bbox 385 2665 426 2730; x_wconf 84' lang='lat' dir='ltr'><strong>V.</strong></span> <span class='ocrx_word' id='word_1_161' title='bbox 449 2662 661 2725; x_wconf 87' lang='lat' dir='ltr'><strong>Plutarchum</strong></span> <span class='ocrx_word' id='word_1_162' title='bbox 673 2662 713 2726; x_wconf 93' lang='lat' dir='ltr'><strong>de</strong></span> <span class='ocrx_word' id='word_1_163' title='bbox 724 2664 796 2728; x_wconf 85' lang='lat' dir='ltr'><strong>frat.</strong></span> <span class='ocrx_word' id='word_1_164' title='bbox 811 2687 872 2732; x_wconf 87' lang='lat' dir='ltr'><strong>am.</strong></span> <span class='ocrx_word' id='word_1_165' title='bbox 886 2688 918 2749; x_wconf 90' lang='lat' dir='ltr'><strong>p.</strong></span> <span class='ocrx_word' id='word_1_166' title='bbox 929 2667 999 2750; x_wconf 74' lang='lat'><strong>489.</strong></span> <span class='ocrx_word' id='word_1_167' title='bbox 1008 2666 1038 2733; x_wconf 88' lang='lat' dir='ltr'><strong>d.</strong></span> <span class='ocrx_word' id='word_1_168' title='bbox 1051 2690 1083 2752; x_wconf 88' lang='lat' dir='ltr'><strong>p.</strong></span> <span class='ocrx_word' id='word_1_169' title='bbox 1091 2690 1163 2755; x_wconf 87' lang='lat'>99⁰·</span> 
     </span>
     <span class='ocr_line' id='line_1_22' title="bbox 115 2769 994 2864; baseline 0.003 -27"><span class='ocrx_word' id='word_1_170' title='bbox 115 2777 190 2846; x_wconf 85' lang='lat' dir='ltr'><strong>Vol.</strong></span> <span class='ocrx_word' id='word_1_171' title='bbox 207 2777 241 2840; x_wconf 86' lang='lat' dir='ltr'><strong>ll.</strong></span> <span class='ocrx_word' id='word_1_172' title='bbox 260 2797 289 2842; x_wconf 82' lang='lat' dir='ltr'><strong>n.</strong></span> <span class='ocrx_word' id='word_1_173' title='bbox 305 2775 408 2864; x_wconf 80' lang='lat' dir='ltr'><strong>Wytt.</strong></span> <span class='ocrx_word' id='word_1_174' title='bbox 426 2770 516 2841; x_wconf 86' lang='lat' dir='ltr'><strong>stob.</strong></span> <span class='ocrx_word' id='word_1_175' title='bbox 531 2769 563 2832; x_wconf 87' lang='lat' dir='ltr'><strong>S.</strong></span> <span class='ocrx_word' id='word_1_176' title='bbox 578 2769 745 2834; x_wconf 88' lang='lat' dir='ltr'><strong>LXXXII.</strong></span> <span class='ocrx_word' id='word_1_177' title='bbox 759 2795 792 2856; x_wconf 85' lang='lat' dir='ltr'><strong>p.</strong></span> <span class='ocrx_word' id='word_1_178' title='bbox 806 2772 878 2854; x_wconf 75' lang='grc'><strong>475.</strong></span> <span class='ocrx_word' id='word_1_179' title='bbox 895 2771 994 2840; x_wconf 78' lang='lat' dir='ltr'><strong>Geso.</strong></span> 
     </span>
    </p>
   </div>
   <div class='ocr_carea' id='block_1_6' title="bbox 196 2877 1278 2963">
    <p class='ocr_par' dir='ltr' id='par_1_7' title="bbox 196 2877 1278 2963">
     <span class='ocr_line' id='line_1_23' title="bbox 196 2877 1278 2963; baseline 0.001 -18"><span class='ocrx_word' id='word_1_180' title='bbox 196 2881 409 2946; x_wconf 85' lang='lat' dir='ltr'><strong>Dialecticam</strong></span> <span class='ocrx_word' id='word_1_181' title='bbox 420 2887 502 2963; x_wconf 80' lang='lat' dir='ltr'><strong>prae</strong></span> <span class='ocrx_word' id='word_1_182' title='bbox 519 2878 634 2941; x_wconf 88' lang='lat' dir='ltr'><strong>ceteris</strong></span> <span class='ocrx_word' id='word_1_183' title='bbox 656 2877 740 2963; x_wconf 86' lang='lat' dir='ltr'><strong>apud</strong></span> <span class='ocrx_word' id='word_1_184' title='bbox 750 2879 916 2942; x_wconf 87' lang='lat' dir='ltr'><strong>Socratem</strong></span> <span class='ocrx_word' id='word_1_185' title='bbox 932 2901 1007 2943; x_wconf 89' lang='lat' dir='ltr'><strong>eum</strong></span> <span class='ocrx_word' id='word_1_186' title='bbox 1025 2880 1166 2947; x_wconf 88' lang='lat' dir='ltr'><strong>coluisse</strong></span> <span class='ocrx_word' id='word_1_187' title='bbox 1274 2898 1278 2905; x_wconf 89' lang='grc'><em>“</em></span> 
     </span>
    </p>
   </div>
   <div class='ocr_carea' id='block_1_7' title="bbox 112 2978 1164 3197">
    <p class='ocr_par' dir='ltr' id='par_1_8' title="bbox 112 2978 1164 3197">
     <span class='ocr_line' id='line_1_24' title="bbox 112 2978 1164 3078; baseline -0.011 -24"><span class='ocrx_word' id='word_1_188' title='bbox 112 2991 192 3055; x_wconf 92' lang='lat' dir='ltr'><strong>inde</strong></span> <span class='ocrx_word' id='word_1_189' title='bbox 215 2991 280 3054; x_wconf 89' lang='lat' dir='ltr'><strong>iam</strong></span> <span class='ocrx_word' id='word_1_190' title='bbox 293 2995 400 3077; x_wconf 85' lang='lat' dir='ltr'><strong>patet,</strong></span> <span class='ocrx_word' id='word_1_191' title='bbox 421 2985 510 3070; x_wconf 88' lang='lat' dir='ltr'><strong>quod</strong></span> <span class='ocrx_word' id='word_1_192' title='bbox 529 2985 624 3048; x_wconf 83' lang='lat' dir='ltr'><strong>Plato</strong></span> <span class='ocrx_word' id='word_1_193' title='bbox 647 3006 723 3047; x_wconf 88' lang='lat' dir='ltr'><strong>eum</strong></span> <span class='ocrx_word' id='word_1_194' title='bbox 736 2987 904 3051; x_wconf 85' lang='lat' dir='ltr'><strong>Theaeteti</strong></span> <span class='ocrx_word' id='word_1_195' title='bbox 920 2988 1042 3074; x_wconf 83' lang='lat' dir='ltr'><strong>dialogi</strong></span> <span class='ocrx_word' id='word_1_196' title='bbox 1060 2978 1164 3078; x_wconf 61' lang='lat' dir='ltr'><strong>potis.</strong></span> 
     </span>
     <span class='ocr_line' id='line_1_25' title="bbox 113 3088 1161 3197; baseline 0 -32"><span class='ocrx_word' id='word_1_197' title='bbox 113 3100 231 3197; x_wconf 70' lang='lat' dir='ltr'><strong>simum</strong></span> <span class='ocrx_word' id='word_1_198' title='bbox 261 3095 459 3186; x_wconf 83' lang='lat' dir='ltr'><strong>argumentis</strong></span> <span class='ocrx_word' id='word_1_199' title='bbox 484 3092 720 3181; x_wconf 82' lang='lat' dir='ltr'><strong>cognoscendis</strong></span> <span class='ocrx_word' id='word_1_200' title='bbox 749 3088 1038 3182; x_wconf 69' lang='lat' dir='ltr'><strong>operam&#39;dedisse</strong></span> <span class='ocrx_word' id='word_1_201' title='bbox 1071 3099 1161 3166; x_wconf 89' lang='lat' dir='ltr'><strong>dicit.</strong></span> 
     </span>
    </p>
   </div>
   <div class='ocr_carea' id='block_1_8' title="bbox 123 3293 358 3313">
    <p class='ocr_par' dir='ltr' id='par_1_9' title="bbox 123 3293 358 3313">
     <span class='ocr_line' id='line_1_26' title="bbox 123 3293 358 3313; baseline 0.004 -5"><span class='ocrx_word' id='word_1_202' title='bbox 123 3293 358 3313; x_wconf 54' lang='grc' dir='ltr'><strong><em>Μ</em></strong></span> 
     </span>
    </p>
   </div>
   <div class='ocr_carea' id='block_1_9' title="bbox 108 3420 556 3858">
    <p class='ocr_par' dir='ltr' id='par_1_10' title="bbox 163 3420 456 3495">
     <span class='ocr_line' id='line_1_27' title="bbox 163 3420 456 3495; baseline 0 -19"><span class='ocrx_word' id='word_1_203' title='bbox 163 3421 195 3492; x_wconf 85' lang='lat' dir='ltr'><strong>r)</strong></span> <span class='ocrx_word' id='word_1_204' title='bbox 213 3420 292 3493; x_wconf 88' lang='lat' dir='ltr'><strong>Diog.</strong></span> <span class='ocrx_word' id='word_1_205' title='bbox 310 3423 341 3475; x_wconf 77' lang='lat'><strong>1..</strong></span> <span class='ocrx_word' id='word_1_206' title='bbox 360 3425 396 3486; x_wconf 86' lang='grc' dir='ltr'><strong>Π.</strong></span> <span class='ocrx_word' id='word_1_207' title='bbox 412 3423 456 3495; x_wconf 68' lang='lat' dir='ltr'><strong>dp.</strong></span> 
     </span>
    </p>

    <p class='ocr_par' dir='ltr' id='par_1_11' title="bbox 108 3513 556 3858">
     <span class='ocr_line' id='line_1_28' title="bbox 108 3513 521 3612; baseline 0.005 -15"><span class='ocrx_word' id='word_1_208' title='bbox 108 3513 110 3518; x_wconf 74' lang='grc'><strong>’</strong></span> <span class='ocrx_word' id='word_1_209' title='bbox 165 3539 202 3612; x_wconf 78' lang='lat'><strong>2)</strong></span> <span class='ocrx_word' id='word_1_210' title='bbox 219 3540 290 3595; x_wconf 78' lang='lat' dir='ltr'><strong>een.</strong></span> <span class='ocrx_word' id='word_1_211' title='bbox 307 3540 342 3598; x_wconf 84' lang='lat' dir='ltr'><strong>n.</strong></span> <span class='ocrx_word' id='word_1_212' title='bbox 360 3542 393 3602; x_wconf 82' lang='lat' dir='ltr'><strong>a.</strong></span> <span class='ocrx_word' id='word_1_213' title='bbox 412 3544 459 3603; x_wconf 86' lang='lat' dir='ltr'><strong>v1.</strong></span> <span class='ocrx_word' id='word_1_214' title='bbox 480 3560 521 3600; x_wconf 74' lang='grc' dir='ltr'><strong>ιο.</strong></span> 
     </span>
     <span class='ocr_line' id='line_1_29' title="bbox 163 3659 556 3734; baseline 0 -14"><span class='ocrx_word' id='word_1_215' title='bbox 163 3660 193 3734; x_wconf 84' lang='grc'><strong>3)</strong></span> <span class='ocrx_word' id='word_1_216' title='bbox 210 3661 294 3720; x_wconf 74' lang='lat' dir='ltr'><strong>vinu</strong></span> <span class='ocrx_word' id='word_1_217' title='bbox 312 3661 383 3734; x_wconf 79' lang='lat' dir='ltr'><strong>Meg.</strong></span> <span class='ocrx_word' id='word_1_218' title='bbox 402 3680 430 3734; x_wconf 88' lang='lat' dir='ltr'><strong>p.</strong></span> <span class='ocrx_word' id='word_1_219' title='bbox 450 3665 476 3723; x_wconf 80' lang='lat'><strong>³.</strong></span> <span class='ocrx_word' id='word_1_220' title='bbox 496 3659 556 3727; x_wconf 85' lang='lat' dir='ltr'><strong>not.</strong></span> 
     </span>
     <span class='ocr_line' id='line_1_30' title="bbox 160 3777 554 3858; baseline 0.008 -22"><span class='ocrx_word' id='word_1_221' title='bbox 160 3777 194 3852; x_wconf 77' lang='grc'><strong>4)</strong></span> <span class='ocrx_word' id='word_1_222' title='bbox 208 3781 276 3836; x_wconf 82' lang='lat' dir='ltr'><strong>Plat.</strong></span> <span class='ocrx_word' id='word_1_223' title='bbox 295 3780 394 3843; x_wconf 85' lang='lat' dir='ltr'><strong>Phaed.</strong></span> <span class='ocrx_word' id='word_1_224' title='bbox 412 3800 440 3855; x_wconf 85' lang='lat' dir='ltr'><strong>p.</strong></span> <span class='ocrx_word' id='word_1_225' title='bbox 461 3783 504 3858; x_wconf 79' lang='lat'><strong>59.</strong></span> <span class='ocrx_word' id='word_1_226' title='bbox 523 3785 554 3844; x_wconf 91' lang='lat' dir='ltr'><strong>h.</strong></span> 
     </span>
    </p>
   </div>
   <div class='ocr_carea' id='block_1_10' title="bbox 160 3899 1157 4073">
    <p class='ocr_par' dir='ltr' id='par_1_12' title="bbox 160 3899 1157 4073">
     <span class='ocr_line' id='line_1_31' title="bbox 160 3899 1157 3978; baseline -0.007 -18"><span class='ocrx_word' id='word_1_227' title='bbox 160 3902 191 3976; x_wconf 80' lang='lat'><strong>5)</strong></span> <span class='ocrx_word' id='word_1_228' title='bbox 207 3903 330 3958; x_wconf 85' lang='lat' dir='ltr'><strong>Euclidis</strong></span> <span class='ocrx_word' id='word_1_229' title='bbox 347 3903 448 3977; x_wconf 84' lang='lat' dir='ltr'><strong>effigies</strong></span> <span class='ocrx_word' id='word_1_230' title='bbox 471 3912 568 3972; x_wconf 86' lang='lat' dir='ltr'><strong>exstat,</strong></span> <span class='ocrx_word' id='word_1_231' title='bbox 594 3911 626 3960; x_wconf 88' lang='lat' dir='ltr'><strong>ut</strong></span> <span class='ocrx_word' id='word_1_232' title='bbox 642 3908 751 3978; x_wconf 85' lang='lat' dir='ltr'><strong>putant,</strong></span> <span class='ocrx_word' id='word_1_233' title='bbox 776 3902 808 3958; x_wconf 87' lang='lat' dir='ltr'><strong>in</strong></span> <span class='ocrx_word' id='word_1_234' title='bbox 829 3903 995 3958; x_wconf 83' lang='lat' dir='ltr'><strong>numismate</strong></span> <span class='ocrx_word' id='word_1_235' title='bbox 1012 3899 1157 3973; x_wconf 79' lang='lat' dir='ltr'><strong>Megaren-</strong></span> 
     </span>
     <span class='ocr_line' id='line_1_32' title="bbox 211 3993 1156 4073; baseline -0.006 -21"><span class='ocrx_word' id='word_1_236' title='bbox 211 3998 300 4064; x_wconf 84' lang='lat' dir='ltr'><strong>sium,</strong></span> <span class='ocrx_word' id='word_1_237' title='bbox 329 3999 405 4055; x_wconf 89' lang='lat' dir='ltr'><strong>unde</strong></span> <span class='ocrx_word' id='word_1_238' title='bbox 423 4016 550 4073; x_wconf 77' lang='lat' dir='ltr'><strong>expressa</strong></span> <span class='ocrx_word' id='word_1_239' title='bbox 567 4007 609 4055; x_wconf 76' lang='lat' dir='ltr'><strong>eet</strong></span> <span class='ocrx_word' id='word_1_240' title='bbox 625 4000 656 4057; x_wconf 86' lang='lat' dir='ltr'><strong>iu</strong></span> <span class='ocrx_word' id='word_1_241' title='bbox 675 3998 721 4055; x_wconf 87' lang='lat' dir='ltr'><strong>ed.</strong></span> <span class='ocrx_word' id='word_1_242' title='bbox 740 3998 820 4070; x_wconf 81' lang='lat' dir='ltr'><strong>Diog.</strong></span> <span class='ocrx_word' id='word_1_243' title='bbox 843 3995 875 4052; x_wconf 71' lang='grc' dir='ltr'><strong>Ι..</strong></span> <span class='ocrx_word' id='word_1_244' title='bbox 891 3997 1022 4055; x_wconf 85' lang='lat' dir='ltr'><strong>Meibom.</strong></span> <span class='ocrx_word' id='word_1_245' title='bbox 1048 4012 1076 4068; x_wconf 88' lang='lat' dir='ltr'><strong>p.</strong></span> <span class='ocrx_word' id='word_1_246' title='bbox 1096 3993 1156 4063; x_wconf 70' lang='lat'><strong>141.</strong></span> 
     </span>
    </p>
   </div>
   <div class='ocr_carea' id='block_1_11' title="bbox 208 4088 1155 4266">
    <p class='ocr_par' dir='ltr' id='par_1_13' title="bbox 208 4088 1155 4266">
     <span class='ocr_line' id='line_1_33' title="bbox 213 4088 1155 4174; baseline 0.005 -25"><span class='ocrx_word' id='word_1_247' title='bbox 213 4104 242 4150; x_wconf 84' lang='lat' dir='ltr'><strong>et</strong></span> <span class='ocrx_word' id='word_1_248' title='bbox 259 4096 334 4168; x_wconf 90' lang='lat' dir='ltr'><strong>apud</strong></span> <span class='ocrx_word' id='word_1_249' title='bbox 349 4099 379 4155; x_wconf 86' lang='lat' dir='ltr'><strong>E.</strong></span> <span class='ocrx_word' id='word_1_250' title='bbox 397 4099 432 4174; x_wconf 87' lang='lat' dir='ltr'><strong>Q.</strong></span> <span class='ocrx_word' id='word_1_251' title='bbox 450 4099 633 4172; x_wconf 82' lang='lat' dir='ltr'><strong>Viscoutium,</strong></span> <span class='ocrx_word' id='word_1_252' title='bbox 651 4099 774 4172; x_wconf 82' lang='lat' dir='ltr'><strong>lconogr.</strong></span> <span class='ocrx_word' id='word_1_253' title='bbox 794 4095 888 4159; x_wconf 80' lang='lat' dir='ltr'><strong>Graec.</strong></span> <span class='ocrx_word' id='word_1_254' title='bbox 910 4093 972 4154; x_wconf 74' lang='lat' dir='ltr'><strong>Vol</strong></span> <span class='ocrx_word' id='word_1_255' title='bbox 979 4095 1000 4152; x_wconf 77' lang='lat' dir='ltr'><strong>l.</strong></span> <span class='ocrx_word' id='word_1_256' title='bbox 1017 4093 1051 4153; x_wconf 84' lang='grc' dir='ltr'><strong>Τ.</strong></span> <span class='ocrx_word' id='word_1_257' title='bbox 1057 4088 1155 4154; x_wconf 76' lang='lat' dir='ltr'><strong>XXVI·</strong></span> 
     </span>
     <span class='ocr_line' id='line_1_34' title="bbox 208 4192 376 4266; baseline -0.006 -18"><span class='ocrx_word' id='word_1_258' title='bbox 208 4209 237 4264; x_wconf 78' lang='lat' dir='ltr'><strong>p·</strong></span> <span class='ocrx_word' id='word_1_259' title='bbox 256 4192 318 4264; x_wconf 74' lang='lat'><strong>296.</strong></span> <span class='ocrx_word' id='word_1_260' title='bbox 336 4209 376 4266; x_wconf 85' lang='lat' dir='ltr'><strong>sq.</strong></span> 
     </span>
    </p>
   </div>
   <div class='ocr_carea' id='block_1_12' title="bbox 0 0 1318 4732">
    <p class='ocr_par' dir='ltr' id='par_1_14' title="bbox 0 0 1318 4732">
     <span class='ocr_line' id='line_1_35' title="bbox 0 0 1318 4732; baseline 0 0"><span class='ocrx_word' id='word_1_261' title='bbox 0 0 1318 4732; x_wconf 95' lang='lat' dir='ltr'><strong> </strong></span> 
     </span>
    </p>
   </div>
  </div>
 </body>
</html>
