<?xml version="1.0" encoding="UTF-8"?>
<!DOCTYPE html PUBLIC "-//W3C//DTD XHTML 1.0 Transitional//EN"
    "http://www.w3.org/TR/xhtml1/DTD/xhtml1-transitional.dtd">
<html xmlns="http://www.w3.org/1999/xhtml" xml:lang="en" lang="en">
 <head>
  <title>
</title>
<meta http-equiv="Content-Type" content="text/html;charset=utf-8" />
  <meta name='ocr-system' content='tesseract 3.04.00' />
  <meta name='ocr-capabilities' content='ocr_page ocr_carea ocr_par ocr_line ocrx_word'/>
</head>
<body>
  <div class='ocr_page' id='page_1' title='image "./demegaricorumdo00deycgoog_0076.png"; bbox 0 0 2626 4732; ppageno 0'>
   <div class='ocr_carea' id='block_1_1' title="bbox 619 352 827 420">
    <p class='ocr_par' dir='ltr' id='par_1_1' title="bbox 619 352 827 420">
     <span class='ocr_line' id='line_1_1' title="bbox 619 352 827 420; baseline 0.005 -21"><span class='ocrx_word' id='word_1_1' title='bbox 619 352 827 420; x_wconf 80' lang='lat'><strong>..70-</strong></span> 
     </span>
    </p>
   </div>
   <div class='ocr_carea' id='block_1_2' title="bbox 199 500 1262 2711">
    <p class='ocr_par' dir='ltr' id='par_1_2' title="bbox 199 500 1262 2644">
     <span class='ocr_line' id='line_1_2' title="bbox 205 500 1256 601; baseline 0.006 -26"><span class='ocrx_word' id='word_1_2' title='bbox 205 515 268 594; x_wconf 82' lang='grc' dir='ltr'><strong>μόν</strong></span> <span class='ocrx_word' id='word_1_3' title='bbox 297 500 368 576; x_wconf 72' lang='lat' dir='ltr'><strong>orire</strong></span> <span class='ocrx_word' id='word_1_4' title='bbox 394 515 493 597; x_wconf 75' lang='grc' dir='ltr'><em>γλοκῦ</em></span> <span class='ocrx_word' id='word_1_5' title='bbox 523 504 596 580; x_wconf 78' lang='grc' dir='ltr'><strong>οότε</strong></span> <span class='ocrx_word' id='word_1_6' title='bbox 619 505 700 589; x_wconf 67' lang='lat' dir='ltr'><strong>iiiuc</strong></span> <span class='ocrx_word' id='word_1_7' title='bbox 720 511 876 598; x_wconf 79' lang='grc' dir='ltr'><strong><em>αι’σθητόν</em></strong></span> <span class='ocrx_word' id='word_1_8' title='bbox 896 505 990 601; x_wconf 76' lang='grc' dir='ltr'><em>οόόὲν</em></span> <span class='ocrx_word' id='word_1_9' title='bbox 1020 507 1112 580; x_wconf 68' lang='grc' dir='ltr'><strong><em>ἔσται</em></strong></span> <span class='ocrx_word' id='word_1_10' title='bbox 1133 518 1180 600; x_wconf 80' lang='grc' dir='ltr'><strong>μή</strong></span> <span class='ocrx_word' id='word_1_11' title='bbox 1202 515 1256 581; x_wconf 76' lang='grc' dir='ltr'><strong>αῖ-</strong></span> 
     </span>
     <span class='ocr_line' id='line_1_3' title="bbox 203 614 1257 707; baseline 0 -21"><span class='ocrx_word' id='word_1_12' title='bbox 203 615 418 702; x_wconf 85' lang='grc' dir='ltr'><strong><em>σθανόμενον,</em></strong></span> <span class='ocrx_word' id='word_1_13' title='bbox 459 614 536 697; x_wconf 84' lang='grc' dir='ltr'><strong><em>ιόςτε</em></strong></span> <span class='ocrx_word' id='word_1_14' title='bbox 576 622 633 685; x_wconf 79' lang='grc' dir='ltr'><strong>τόν</strong></span> <span class='ocrx_word' id='word_1_15' title='bbox 669 617 892 707; x_wconf 78' lang='grc' dir='ltr'><em>Πρωταγόρου</em></span> <span class='ocrx_word' id='word_1_16' title='bbox 930 617 1023 706; x_wconf 91' lang='grc' dir='ltr'><em>λόγον</em></span> <span class='ocrx_word' id='word_1_17' title='bbox 1057 618 1257 705; x_wconf 74' lang='grc' dir='ltr'><strong><em>συμβήσεται</em></strong></span> 
     </span>
     <span class='ocr_line' id='line_1_4' title="bbox 201 716 1253 813; baseline -0.004 -21"><span class='ocrx_word' id='word_1_18' title='bbox 201 728 301 813; x_wconf 76' lang='grc' dir='ltr'><strong><em>λέγειν</em></strong></span> <span class='ocrx_word' id='word_1_19' title='bbox 316 720 445 800; x_wconf 83' lang='grc' dir='ltr'><strong>αότοϊς·</strong></span> <span class='ocrx_word' id='word_1_20' title='bbox 471 716 553 787; x_wconf 73' lang='grc' dir='ltr'><strong>ἄλλα</strong></span> <span class='ocrx_word' id='word_1_21' title='bbox 572 724 638 807; x_wconf 84' lang='grc' dir='ltr'><strong>μήν</strong></span> <span class='ocrx_word' id='word_1_22' title='bbox 663 719 735 788; x_wconf 70' lang='grc' dir='ltr'><strong>οὐδ’</strong></span> <span class='ocrx_word' id='word_1_23' title='bbox 756 723 908 811; x_wconf 84' lang='grc' dir='ltr'><strong><em>αἴσθησιν</em></strong></span> <span class='ocrx_word' id='word_1_24' title='bbox 929 727 991 802; x_wconf 66' lang='grc' dir='ltr'><strong><em>ἕξει</em></strong></span> <span class='ocrx_word' id='word_1_25' title='bbox 1018 718 1113 789; x_wconf 72' lang='grc' dir='ltr'><strong>οὐδὲν</strong></span> <span class='ocrx_word' id='word_1_26' title='bbox 1140 716 1181 788; x_wconf 71' lang='grc' dir='ltr'><strong>ἂν</strong></span> <span class='ocrx_word' id='word_1_27' title='bbox 1204 728 1253 812; x_wconf 80' lang='grc' dir='ltr'><strong>μῆ</strong></span> 
     </span>
     <span class='ocr_line' id='line_1_5' title="bbox 201 821 1254 918; baseline 0 -21"><span class='ocrx_word' id='word_1_28' title='bbox 201 829 396 917; x_wconf 69' lang='grc' dir='ltr'><strong><em>αἰσθάνηται</em></strong></span> <span class='ocrx_word' id='word_1_29' title='bbox 415 830 493 914; x_wconf 78' lang='grc' dir='ltr'><strong><em>μηδ’</em></strong></span> <span class='ocrx_word' id='word_1_30' title='bbox 516 829 625 916; x_wconf 75' lang='grc' dir='ltr'><strong>Ιἐνεργῇ</strong></span> <span class='ocrx_word' id='word_1_31' title='bbox 634 854 642 872; x_wconf 93' lang='grc'><strong><em>·</em></strong></span> <span class='ocrx_word' id='word_1_32' title='bbox 664 829 694 894; x_wconf 85' lang='grc' dir='ltr'><strong><em>εἰ</em></strong></span> <span class='ocrx_word' id='word_1_33' title='bbox 710 821 769 896; x_wconf 81' lang='grc' dir='ltr'><strong>οόν</strong></span> <span class='ocrx_word' id='word_1_34' title='bbox 793 833 916 918; x_wconf 80' lang='grc' dir='ltr'><strong>τυφλόν</strong></span> <span class='ocrx_word' id='word_1_35' title='bbox 933 832 971 895; x_wconf 83' lang='grc' dir='ltr'><strong>τό</strong></span> <span class='ocrx_word' id='word_1_36' title='bbox 987 830 1033 915; x_wconf 86' lang='grc' dir='ltr'><strong>μή</strong></span> <span class='ocrx_word' id='word_1_37' title='bbox 1056 828 1131 915; x_wconf 75' lang='grc' dir='ltr'><strong>ἔχον</strong></span> <span class='ocrx_word' id='word_1_38' title='bbox 1156 823 1254 918; x_wconf 75' lang='grc' dir='ltr'><strong><em>όψιν,</em></strong></span> 
     </span>
     <span class='ocr_line' id='line_1_6' title="bbox 199 924 1256 1031; baseline -0.003 -25"><span class='ocrx_word' id='word_1_39' title='bbox 199 943 340 1028; x_wconf 80' lang='grc' dir='ltr'><strong><em>πεφυκός</em></strong></span> <span class='ocrx_word' id='word_1_40' title='bbox 371 924 407 1004; x_wconf 70' lang='grc' dir='ltr'><strong>δὲ</strong></span> <span class='ocrx_word' id='word_1_41' title='bbox 436 937 491 1003; x_wconf 78' lang='grc' dir='ltr'><strong>καὶ</strong></span> <span class='ocrx_word' id='word_1_42' title='bbox 514 933 567 1004; x_wconf 82' lang='grc' dir='ltr'><strong>ότι</strong></span> <span class='ocrx_word' id='word_1_43' title='bbox 595 942 715 1027; x_wconf 78' lang='grc' dir='ltr'><strong><em>πέφυκε</em></strong></span> <span class='ocrx_word' id='word_1_44' title='bbox 741 938 798 1031; x_wconf 64' lang='grc' dir='ltr'><strong>καὶ</strong></span> <span class='ocrx_word' id='word_1_45' title='bbox 821 937 871 1008; x_wconf 76' lang='grc' dir='ltr'><strong>ότι</strong></span> <span class='ocrx_word' id='word_1_46' title='bbox 898 932 953 1024; x_wconf 81' lang='grc' dir='ltr'><strong>όν,</strong></span> <span class='ocrx_word' id='word_1_47' title='bbox 985 940 1020 1017; x_wconf 85' lang='grc' dir='ltr'><strong>Ιοἱ</strong></span> <span class='ocrx_word' id='word_1_48' title='bbox 1043 935 1140 1007; x_wconf 71' lang='grc' dir='ltr'><strong><em>αὐτοὶ</em></strong></span> <span class='ocrx_word' id='word_1_49' title='bbox 1168 966 1256 1028; x_wconf 83' lang='grc' dir='ltr'><strong>τοφ-</strong></span> 
     </span>
     <span class='ocr_line' id='line_1_7' title="bbox 199 1041 1256 1135; baseline 0.001 -23"><span class='ocrx_word' id='word_1_50' title='bbox 199 1045 254 1112; x_wconf 79' lang='grc' dir='ltr'><em>λοί</em></span> <span class='ocrx_word' id='word_1_51' title='bbox 267 1045 393 1113; x_wconf 78' lang='grc' dir='ltr'><strong><em>ἔσονται</em></strong></span> <span class='ocrx_word' id='word_1_52' title='bbox 416 1044 565 1122; x_wconf 79' lang='grc' dir='ltr'><em>πολλάκις</em></span> <span class='ocrx_word' id='word_1_53' title='bbox 583 1047 640 1131; x_wconf 82' lang='grc' dir='ltr'><strong>τῆς</strong></span> <span class='ocrx_word' id='word_1_54' title='bbox 653 1041 775 1134; x_wconf 78' lang='grc' dir='ltr'><strong><em>ἡμέρας</em></strong></span> <span class='ocrx_word' id='word_1_55' title='bbox 787 1046 842 1113; x_wconf 87' lang='grc' dir='ltr'><strong><em>καί</em></strong></span> <span class='ocrx_word' id='word_1_56' title='bbox 855 1045 966 1135; x_wconf 78' lang='grc' dir='ltr'><strong><em>κωφοί·</em></strong></span> <span class='ocrx_word' id='word_1_57' title='bbox 982 1043 1032 1113; x_wconf 74' lang='grc' dir='ltr'><strong><em>ἔτι</em></strong></span> <span class='ocrx_word' id='word_1_58' title='bbox 1050 1047 1079 1112; x_wconf 81' lang='grc' dir='ltr'><strong><em>εἰ</em></strong></span> <span class='ocrx_word' id='word_1_59' title='bbox 1094 1041 1256 1113; x_wconf 81' lang='grc' dir='ltr'><strong>όόόνατον</strong></span> 
     </span>
     <span class='ocr_line' id='line_1_8' title="bbox 200 1148 1257 1242; baseline -0.004 -22"><span class='ocrx_word' id='word_1_60' title='bbox 200 1157 238 1220; x_wconf 83' lang='grc' dir='ltr'><strong>τό</strong></span> <span class='ocrx_word' id='word_1_61' title='bbox 254 1157 458 1242; x_wconf 77' lang='grc' dir='ltr'><strong><em>ἐστερημένον</em></strong></span> <span class='ocrx_word' id='word_1_62' title='bbox 479 1153 660 1240; x_wconf 80' lang='grc' dir='ltr'><strong><em>δυνάμεως,</em></strong></span> <span class='ocrx_word' id='word_1_63' title='bbox 683 1156 728 1220; x_wconf 87' lang='grc' dir='ltr'><em>τὸ</em></span> <span class='ocrx_word' id='word_1_64' title='bbox 758 1156 813 1240; x_wconf 77' lang='grc' dir='ltr'><strong>μή</strong></span> <span class='ocrx_word' id='word_1_65' title='bbox 837 1151 1062 1240; x_wconf 90' lang='grc' dir='ltr'><strong><em>γενόμενον</em></strong></span> <span class='ocrx_word' id='word_1_66' title='bbox 1090 1148 1257 1220; x_wconf 66' lang='lat' dir='ltr'><strong>totta.</strong></span> 
     </span>
     <span class='ocr_line' id='line_1_9' title="bbox 200 1253 1257 1349; baseline 0.004 -25"><span class='ocrx_word' id='word_1_67' title='bbox 200 1284 273 1333; x_wconf 76' lang='grc' dir='ltr'><strong>τον</strong></span> <span class='ocrx_word' id='word_1_68' title='bbox 294 1257 410 1325; x_wconf 80' lang='grc' dir='ltr'><strong><em>ἔσται</em></strong></span> <span class='ocrx_word' id='word_1_69' title='bbox 434 1253 665 1346; x_wconf 83' lang='grc' dir='ltr'><strong><em>γενέσθαι·</em></strong></span> <span class='ocrx_word' id='word_1_70' title='bbox 699 1263 748 1325; x_wconf 78' lang='grc' dir='ltr'><strong>τό</strong></span> <span class='ocrx_word' id='word_1_71' title='bbox 775 1263 806 1325; x_wconf 79' lang='grc' dir='ltr'><strong>δ’</strong></span> <span class='ocrx_word' id='word_1_72' title='bbox 826 1255 1031 1329; x_wconf 80' lang='grc' dir='ltr'><strong>ἆόόκατον</strong></span> <span class='ocrx_word' id='word_1_73' title='bbox 1053 1266 1257 1349; x_wconf 80' lang='grc' dir='ltr'><strong><em>γενέσθαι</em></strong></span> 
     </span>
     <span class='ocr_line' id='line_1_10' title="bbox 204 1359 1257 1456; baseline 0.002 -24"><span class='ocrx_word' id='word_1_74' title='bbox 204 1360 376 1454; x_wconf 79' lang='grc' dir='ltr'><strong>όλὲγωνή</strong></span> <span class='ocrx_word' id='word_1_75' title='bbox 404 1359 562 1454; x_wconf 78' lang='grc' dir='ltr'><strong><em>εἶναιῆ</em></strong></span> <span class='ocrx_word' id='word_1_76' title='bbox 590 1365 1022 1454; x_wconf 79' lang='grc' dir='ltr'><strong><em>ἔσεσθαιιμεόσεται·</em></strong></span> <span class='ocrx_word' id='word_1_77' title='bbox 1056 1372 1094 1435; x_wconf 79' lang='grc' dir='ltr'><strong>τό</strong></span> <span class='ocrx_word' id='word_1_78' title='bbox 1121 1368 1185 1456; x_wconf 76' lang='grc' dir='ltr'><strong><em>γιὶρ</em></strong></span> <span class='ocrx_word' id='word_1_79' title='bbox 1217 1363 1257 1434; x_wconf 82' lang='grc' dir='ltr'><strong>ἆ-</strong></span> 
     </span>
     <span class='ocr_line' id='line_1_11' title="bbox 202 1467 1258 1561; baseline 0.005 -23"><span class='ocrx_word' id='word_1_80' title='bbox 202 1470 339 1545; x_wconf 80' lang='grc' dir='ltr'><strong>όόνατον</strong></span> <span class='ocrx_word' id='word_1_81' title='bbox 357 1474 452 1538; x_wconf 77' lang='grc' dir='ltr'><strong>τοῦτο</strong></span> <span class='ocrx_word' id='word_1_82' title='bbox 479 1471 666 1558; x_wconf 75' lang='grc' dir='ltr'><strong><em>ἐσήμαινεν·</em></strong></span> <span class='ocrx_word' id='word_1_83' title='bbox 692 1469 769 1552; x_wconf 70' lang='lat' dir='ltr'><strong>tigre</strong></span> <span class='ocrx_word' id='word_1_84' title='bbox 796 1467 920 1543; x_wconf 78' lang='grc' dir='ltr'><em>οὗτοι</em></span> <span class='ocrx_word' id='word_1_85' title='bbox 945 1476 982 1542; x_wconf 83' lang='grc' dir='ltr'><strong>οἱ</strong></span> <span class='ocrx_word' id='word_1_86' title='bbox 1007 1472 1126 1561; x_wconf 88' lang='grc' dir='ltr'><em>λόγοι</em></span> <span class='ocrx_word' id='word_1_87' title='bbox 1148 1478 1258 1556; x_wconf 79' lang='grc' dir='ltr'><strong><em>ἐξαι-</em></strong></span> 
     </span>
     <span class='ocr_line' id='line_1_12' title="bbox 201 1576 1258 1674; baseline 0.006 -28"><span class='ocrx_word' id='word_1_88' title='bbox 201 1584 331 1669; x_wconf 79' lang='grc' dir='ltr'><strong><em>ροῦσι</em></strong></span> <span class='ocrx_word' id='word_1_89' title='bbox 359 1577 430 1645; x_wconf 85' lang='grc' dir='ltr'><strong><em>καί</em></strong></span> <span class='ocrx_word' id='word_1_90' title='bbox 457 1578 625 1664; x_wconf 78' lang='grc' dir='ltr'><strong><em>κίνησιν</em></strong></span> <span class='ocrx_word' id='word_1_91' title='bbox 654 1578 724 1646; x_wconf 79' lang='grc' dir='ltr'><strong>καὶ</strong></span> <span class='ocrx_word' id='word_1_92' title='bbox 750 1582 941 1666; x_wconf 81' lang='grc' dir='ltr'><strong><em>γένεσιν·</em></strong></span> <span class='ocrx_word' id='word_1_93' title='bbox 974 1576 1047 1648; x_wconf 76' lang='grc' dir='ltr'><strong><em>ἀεὶ</em></strong></span> <span class='ocrx_word' id='word_1_94' title='bbox 1072 1581 1135 1674; x_wconf 75' lang='grc' dir='ltr'><strong>γαρ</strong></span> <span class='ocrx_word' id='word_1_95' title='bbox 1158 1581 1197 1651; x_wconf 90' lang='grc' dir='ltr'><strong>τό</strong></span> <span class='ocrx_word' id='word_1_96' title='bbox 1222 1611 1258 1652; x_wconf 86' lang='grc' dir='ltr'><strong><em>τε</em></strong></span> 
     </span>
     <span class='ocr_line' id='line_1_13' title="bbox 203 1685 1256 1781; baseline 0.004 -26"><span class='ocrx_word' id='word_1_97' title='bbox 203 1685 336 1777; x_wconf 69' lang='grc' dir='ltr'><strong><em>ἓστηκὸς</em></strong></span> <span class='ocrx_word' id='word_1_98' title='bbox 356 1687 525 1776; x_wconf 74' lang='grc' dir='ltr'><strong><em>ἑστήξεται</em></strong></span> <span class='ocrx_word' id='word_1_99' title='bbox 552 1688 608 1756; x_wconf 79' lang='grc' dir='ltr'><strong>καλ</strong></span> <span class='ocrx_word' id='word_1_100' title='bbox 628 1693 666 1756; x_wconf 82' lang='grc' dir='ltr'><strong>τό</strong></span> <span class='ocrx_word' id='word_1_101' title='bbox 694 1689 871 1776; x_wconf 82' lang='grc' dir='ltr'><strong><em>καθήμενον</em></strong></span> <span class='ocrx_word' id='word_1_102' title='bbox 894 1693 1091 1758; x_wconf 73' lang='grc' dir='ltr'><strong><em>καθεδεῖται·</em></strong></span> <span class='ocrx_word' id='word_1_103' title='bbox 1119 1685 1158 1758; x_wconf 77' lang='grc' dir='ltr'><strong>οὗ</strong></span> <span class='ocrx_word' id='word_1_104' title='bbox 1192 1695 1256 1781; x_wconf 84' lang='grc' dir='ltr'><strong>γοὶρ</strong></span> 
     </span>
     <span class='ocr_line' id='line_1_14' title="bbox 204 1791 1258 1889; baseline 0.001 -24"><span class='ocrx_word' id='word_1_105' title='bbox 204 1791 417 1883; x_wconf 79' lang='grc' dir='ltr'><strong><em>ἆναστήσεται</em></strong></span> <span class='ocrx_word' id='word_1_106' title='bbox 444 1791 484 1864; x_wconf 76' lang='grc' dir='ltr'><strong>όν</strong></span> <span class='ocrx_word' id='word_1_107' title='bbox 511 1799 700 1883; x_wconf 72' lang='grc' dir='ltr'><strong><em>καθέζηται·</em></strong></span> <span class='ocrx_word' id='word_1_108' title='bbox 727 1793 887 1865; x_wconf 83' lang='grc' dir='ltr'><strong>ἆόόνατον</strong></span> <span class='ocrx_word' id='word_1_109' title='bbox 916 1798 976 1889; x_wconf 74' lang='grc' dir='ltr'><strong>γαρ</strong></span> <span class='ocrx_word' id='word_1_110' title='bbox 999 1797 1100 1866; x_wconf 72' lang='grc' dir='ltr'><strong><em>ἔσται·</em></strong></span> <span class='ocrx_word' id='word_1_111' title='bbox 1117 1795 1258 1887; x_wconf 75' lang='grc' dir='ltr'><strong><em>ἀναστή-</em></strong></span> 
     </span>
     <span class='ocr_line' id='line_1_15' title="bbox 208 1898 1259 1994; baseline -0.002 -22"><span class='ocrx_word' id='word_1_112' title='bbox 208 1933 263 1972; x_wconf 83' lang='grc' dir='ltr'><strong><em>ναι</em></strong></span> <span class='ocrx_word' id='word_1_113' title='bbox 291 1899 310 1969; x_wconf 89' lang='grc' dir='ltr'><em>ό</em></span> <span class='ocrx_word' id='word_1_114' title='bbox 336 1931 369 1992; x_wconf 87' lang='grc' dir='ltr'><strong>γε</strong></span> <span class='ocrx_word' id='word_1_115' title='bbox 397 1909 443 1994; x_wconf 85' lang='grc' dir='ltr'><strong>μή</strong></span> <span class='ocrx_word' id='word_1_116' title='bbox 474 1905 611 1973; x_wconf 84' lang='grc' dir='ltr'><strong><em>όόναται</em></strong></span> <span class='ocrx_word' id='word_1_117' title='bbox 642 1901 828 1994; x_wconf 83' lang='grc' dir='ltr'><strong><em>οἷναστήναι.</em></strong></span> <span class='ocrx_word' id='word_1_118' title='bbox 869 1907 912 1974; x_wconf 87' lang='grc' dir='ltr'><strong>Εἰ</strong></span> <span class='ocrx_word' id='word_1_119' title='bbox 940 1898 997 1973; x_wconf 80' lang='grc' dir='ltr'><strong>σόν</strong></span> <span class='ocrx_word' id='word_1_120' title='bbox 1020 1908 1065 1994; x_wconf 82' lang='grc' dir='ltr'><strong>μή</strong></span> <span class='ocrx_word' id='word_1_121' title='bbox 1095 1907 1259 1990; x_wconf 75' lang='grc' dir='ltr'><strong><em>ἐνδέχεται</em></strong></span> 
     </span>
     <span class='ocr_line' id='line_1_16' title="bbox 200 2008 1258 2111; baseline 0 -32"><span class='ocrx_word' id='word_1_122' title='bbox 200 2016 312 2091; x_wconf 61' lang='grc' dir='ltr'><strong><em>,ταῦτα</em></strong></span> <span class='ocrx_word' id='word_1_123' title='bbox 343 2019 459 2100; x_wconf 83' lang='grc' dir='ltr'><strong><em>λέγειν,</em></strong></span> <span class='ocrx_word' id='word_1_124' title='bbox 495 2016 632 2104; x_wconf 80' lang='grc' dir='ltr'><strong><em>φανερόν</em></strong></span> <span class='ocrx_word' id='word_1_125' title='bbox 670 2008 722 2081; x_wconf 86' lang='grc' dir='ltr'><strong>ότι</strong></span> <span class='ocrx_word' id='word_1_126' title='bbox 761 2013 1031 2111; x_wconf 20' lang='grc' dir='ltr'><strong><em>δόναμιςικαὶ</em></strong></span> <span class='ocrx_word' id='word_1_127' title='bbox 1062 2016 1258 2102; x_wconf 79' lang='grc' dir='ltr'><strong><em>ἐνέργεια</em></strong></span> 
     </span>
     <span class='ocr_line' id='line_1_17' title="bbox 205 2119 1262 2211; baseline -0.002 -22"><span class='ocrx_word' id='word_1_128' title='bbox 205 2119 313 2211; x_wconf 74' lang='grc' dir='ltr'><strong><em>ἕτερόν</em></strong></span> <span class='ocrx_word' id='word_1_129' title='bbox 345 2125 448 2192; x_wconf 78' lang='grc' dir='ltr'><strong><em>ἔστιν·</em></strong></span> <span class='ocrx_word' id='word_1_130' title='bbox 487 2125 644 2191; x_wconf 77' lang='grc' dir='ltr'><strong><em>ἐκεῖνοι</em></strong></span> <span class='ocrx_word' id='word_1_131' title='bbox 674 2126 706 2188; x_wconf 79' lang='grc' dir='ltr'><strong>δ’</strong></span> <span class='ocrx_word' id='word_1_132' title='bbox 737 2121 776 2190; x_wconf 83' lang='grc' dir='ltr'><strong>οἱ</strong></span> <span class='ocrx_word' id='word_1_133' title='bbox 808 2123 928 2210; x_wconf 90' lang='grc' dir='ltr'><em>λόγοι</em></span> <span class='ocrx_word' id='word_1_134' title='bbox 972 2121 1155 2204; x_wconf 71' lang='grc' dir='ltr'><strong><em>δύναμιν</em></strong></span> <span class='ocrx_word' id='word_1_135' title='bbox 1191 2119 1262 2187; x_wconf 80' lang='grc' dir='ltr'><strong>καὶ</strong></span> 
     </span>
     <span class='ocr_line' id='line_1_18' title="bbox 208 2224 1259 2318; baseline 0.001 -23"><span class='ocrx_word' id='word_1_136' title='bbox 208 2232 427 2318; x_wconf 72' lang='grc' dir='ltr'><strong><em>ἐνέργειαν</em></strong></span> <span class='ocrx_word' id='word_1_137' title='bbox 449 2224 582 2296; x_wconf 81' lang='grc' dir='ltr'><strong>ταότό</strong></span> <span class='ocrx_word' id='word_1_138' title='bbox 608 2231 813 2295; x_wconf 74' lang='grc' dir='ltr'><strong><em>ποιοῦσι·</em></strong></span> <span class='ocrx_word' id='word_1_139' title='bbox 848 2231 899 2301; x_wconf 77' lang='grc' dir='ltr'><strong><em>διὸ</em></strong></span> <span class='ocrx_word' id='word_1_140' title='bbox 927 2233 983 2294; x_wconf 82' lang='grc' dir='ltr'>καί</span> <span class='ocrx_word' id='word_1_141' title='bbox 1011 2224 1049 2292; x_wconf 71' lang='lat' dir='ltr'><strong>ori</strong></span> <span class='ocrx_word' id='word_1_142' title='bbox 1074 2226 1193 2318; x_wconf 90' lang='grc' dir='ltr'><strong><em>μικρόν</em></strong></span> <span class='ocrx_word' id='word_1_143' title='bbox 1226 2254 1259 2296; x_wconf 84' lang='grc' dir='ltr'><strong><em>τε</em></strong></span> 
     </span>
     <span class='ocr_line' id='line_1_19' title="bbox 208 2333 1260 2434; baseline 0 -33"><span class='ocrx_word' id='word_1_144' title='bbox 208 2339 357 2424; x_wconf 73' lang='grc' dir='ltr'><strong><em>ζητοῦσιν</em></strong></span> <span class='ocrx_word' id='word_1_145' title='bbox 387 2333 539 2426; x_wconf 82' lang='grc' dir='ltr'><strong><em>οἷναιρεῖν,</em></strong></span> <span class='ocrx_word' id='word_1_146' title='bbox 567 2334 641 2434; x_wconf 68' lang='lat' dir='ltr'><strong>oics&#39;</strong></span> <span class='ocrx_word' id='word_1_147' title='bbox 661 2343 827 2423; x_wconf 77' lang='grc' dir='ltr'><strong><em>ἐνδέχεται</em></strong></span> <span class='ocrx_word' id='word_1_148' title='bbox 850 2339 986 2404; x_wconf 78' lang='grc' dir='ltr'><strong><em>δυνατόν</em></strong></span> <span class='ocrx_word' id='word_1_149' title='bbox 1008 2340 1069 2421; x_wconf 81' lang='grc' dir='ltr'><strong>μέν</strong></span> <span class='ocrx_word' id='word_1_150' title='bbox 1098 2364 1132 2403; x_wconf 89' lang='grc' dir='ltr'><strong><em>τι</em></strong></span> <span class='ocrx_word' id='word_1_151' title='bbox 1160 2334 1260 2420; x_wconf 84' lang='grc' dir='ltr'><strong><em>εἶναι,</em></strong></span> 
     </span>
     <span class='ocr_line' id='line_1_20' title="bbox 207 2440 1260 2533; baseline 0.001 -21"><span class='ocrx_word' id='word_1_152' title='bbox 207 2450 255 2532; x_wconf 83' lang='grc' dir='ltr'><strong>μή</strong></span> <span class='ocrx_word' id='word_1_153' title='bbox 270 2440 353 2512; x_wconf 82' lang='grc' dir='ltr'><strong><em>εἶναι</em></strong></span> <span class='ocrx_word' id='word_1_154' title='bbox 378 2449 432 2532; x_wconf 76' lang='grc' dir='ltr'><strong>δέ,</strong></span> <span class='ocrx_word' id='word_1_155' title='bbox 460 2447 516 2513; x_wconf 81' lang='grc' dir='ltr'>καί</span> <span class='ocrx_word' id='word_1_156' title='bbox 542 2449 678 2513; x_wconf 77' lang='grc' dir='ltr'><strong><em>δυνατόν</em></strong></span> <span class='ocrx_word' id='word_1_157' title='bbox 698 2450 744 2533; x_wconf 87' lang='grc' dir='ltr'><strong>μή</strong></span> <span class='ocrx_word' id='word_1_158' title='bbox 776 2442 874 2530; x_wconf 80' lang='grc' dir='ltr'><strong><em>εἶναι,</em></strong></span> <span class='ocrx_word' id='word_1_159' title='bbox 896 2441 976 2512; x_wconf 89' lang='grc' dir='ltr'><strong><em>εἶναι</em></strong></span> <span class='ocrx_word' id='word_1_160' title='bbox 998 2447 1044 2512; x_wconf 84' lang='grc' dir='ltr'><strong>δέ.</strong></span> <span class='ocrx_word' id='word_1_161' title='bbox 1064 2451 1131 2512; x_wconf 88' lang='grc' dir='ltr'><strong>κτλ.</strong></span> <span class='ocrx_word' id='word_1_162' title='bbox 1172 2447 1260 2513; x_wconf 77' lang='lat' dir='ltr'><strong>add.</strong></span> 
     </span>
     <span class='ocr_line' id='line_1_21' title="bbox 207 2557 1035 2711; baseline 0 -89"><span class='ocrx_word' id='word_1_163' title='bbox 207 2560 286 2626; x_wconf 85' lang='lat' dir='ltr'><strong>Met.</strong></span> <span class='ocrx_word' id='word_1_164' title='bbox 307 2558 363 2621; x_wconf 84' lang='lat' dir='ltr'><strong>XI.</strong></span> <span class='ocrx_word' id='word_1_165' title='bbox 385 2580 505 2644; x_wconf 83' lang='lat' dir='ltr'><strong>p..229</strong></span> <span class='ocrx_word' id='word_1_166' title='bbox 531 2557 1035 2711; x_wconf 76' lang='lat' dir='ltr'><strong>15.xl1p.24o.14.247.10.</strong></span> 
     </span>
    </p>
   </div>
   <div class='ocr_carea' id='block_1_3' title="bbox 155 2773 1260 4173">
    <p class='ocr_par' dir='ltr' id='par_1_3' title="bbox 155 2773 1260 4173">
     <span class='ocr_line' id='line_1_22' title="bbox 203 2773 1260 2861; baseline -0.003 -22"><span class='ocrx_word' id='word_1_167' title='bbox 203 2799 313 2842; x_wconf 83' lang='lat' dir='ltr'><strong>cerum</strong></span> <span class='ocrx_word' id='word_1_168' title='bbox 335 2788 435 2857; x_wconf 71' lang='grc' dir='ltr'><strong><em>τιστις</em></strong></span> <span class='ocrx_word' id='word_1_169' title='bbox 467 2774 558 2861; x_wconf 85' lang='lat' dir='ltr'><strong>quod</strong></span> <span class='ocrx_word' id='word_1_170' title='bbox 576 2787 682 2841; x_wconf 81' lang='lat' dir='ltr'><strong>autem</strong></span> <span class='ocrx_word' id='word_1_171' title='bbox 704 2797 809 2837; x_wconf 84' lang='lat' dir='ltr'><strong>verum</strong></span> <span class='ocrx_word' id='word_1_172' title='bbox 828 2795 894 2837; x_wconf 84' lang='lat' dir='ltr'><strong>non</strong></span> <span class='ocrx_word' id='word_1_173' title='bbox 918 2786 1017 2854; x_wconf 81' lang='lat' dir='ltr'><strong>esset,</strong></span> <span class='ocrx_word' id='word_1_174' title='bbox 1049 2773 1088 2835; x_wconf 81' lang='lat' dir='ltr'><strong>id</strong></span> <span class='ocrx_word' id='word_1_175' title='bbox 1114 2796 1153 2836; x_wconf 84' lang='lat' dir='ltr'><strong>ne</strong></span> <span class='ocrx_word' id='word_1_176' title='bbox 1178 2774 1260 2856; x_wconf 81' lang='lat' dir='ltr'><strong>fieri</strong></span> 
     </span>
     <span class='ocr_line' id='line_1_23' title="bbox 155 2881 1259 2974; baseline -0.003 -26"><span class='ocrx_word' id='word_1_177' title='bbox 155 2915 158 2920; x_wconf 93' lang='lat'><em>·</em></span> <span class='ocrx_word' id='word_1_178' title='bbox 205 2886 334 2974; x_wconf 82' lang='lat' dir='ltr'><strong>quidem</strong></span> <span class='ocrx_word' id='word_1_179' title='bbox 361 2905 467 2968; x_wconf 87' lang='lat' dir='ltr'><strong>posse.</strong></span> <span class='ocrx_word' id='word_1_180' title='bbox 524 2885 623 2963; x_wconf 83' lang='lat' dir='ltr'><strong>Quod</strong></span> <span class='ocrx_word' id='word_1_181' title='bbox 654 2884 817 2968; x_wconf 86' lang='lat' dir='ltr'><strong>quomodo</strong></span> <span class='ocrx_word' id='word_1_182' title='bbox 842 2905 882 2946; x_wconf 86' lang='lat' dir='ltr'><strong>ex</strong></span> <span class='ocrx_word' id='word_1_183' title='bbox 909 2882 969 2943; x_wconf 90' lang='lat' dir='ltr'><strong>illa</strong></span> <span class='ocrx_word' id='word_1_184' title='bbox 995 2882 1036 2946; x_wconf 88' lang='lat' dir='ltr'><strong>de</strong></span> <span class='ocrx_word' id='word_1_185' title='bbox 1069 2903 1135 2945; x_wconf 91' lang='lat' dir='ltr'><strong>uno</strong></span> <span class='ocrx_word' id='word_1_186' title='bbox 1170 2881 1259 2945; x_wconf 85' lang='lat' dir='ltr'><strong>Ente</strong></span> 
     </span>
     <span class='ocr_line' id='line_1_24' title="bbox 205 2992 1258 3074; baseline -0.002 -17"><span class='ocrx_word' id='word_1_187' title='bbox 205 2995 356 3057; x_wconf 90' lang='lat' dir='ltr'><strong>doctrina</strong></span> <span class='ocrx_word' id='word_1_188' title='bbox 374 2995 532 3074; x_wconf 85' lang='lat' dir='ltr'><strong>manarit,</strong></span> <span class='ocrx_word' id='word_1_189' title='bbox 554 2994 710 3058; x_wconf 83' lang='lat' dir='ltr'><strong>iamsatis</strong></span> <span class='ocrx_word' id='word_1_190' title='bbox 729 2993 895 3056; x_wconf 79' lang='lat' dir='ltr'><strong>cernitur.</strong></span> <span class='ocrx_word' id='word_1_191' title='bbox 938 2992 1006 3054; x_wconf 87' lang='lat' dir='ltr'><strong>Eos</strong></span> <span class='ocrx_word' id='word_1_192' title='bbox 1038 2992 1126 3054; x_wconf 87' lang='lat' dir='ltr'><strong>enim</strong></span> <span class='ocrx_word' id='word_1_193' title='bbox 1153 3015 1258 3055; x_wconf 91' lang='lat' dir='ltr'><strong>unum</strong></span> 
     </span>
     <span class='ocr_line' id='line_1_25' title="bbox 206 3099 1257 3186; baseline -0.003 -20"><span class='ocrx_word' id='word_1_194' title='bbox 206 3113 239 3166; x_wconf 89' lang='lat' dir='ltr'><strong>et</strong></span> <span class='ocrx_word' id='word_1_195' title='bbox 262 3103 454 3186; x_wconf 85' lang='lat' dir='ltr'><strong>immotum,</strong></span> <span class='ocrx_word' id='word_1_196' title='bbox 488 3125 620 3167; x_wconf 86' lang='lat' dir='ltr'><strong>neccsse</strong></span> <span class='ocrx_word' id='word_1_197' title='bbox 651 3111 735 3182; x_wconf 89' lang='lat' dir='ltr'><strong>erat,</strong></span> <span class='ocrx_word' id='word_1_198' title='bbox 779 3111 815 3164; x_wconf 93' lang='lat' dir='ltr'><strong>ut</strong></span> <span class='ocrx_word' id='word_1_199' title='bbox 844 3111 933 3164; x_wconf 89' lang='lat' dir='ltr'><strong>extra</strong></span> <span class='ocrx_word' id='word_1_200' title='bbox 962 3125 1075 3165; x_wconf 89' lang='lat' dir='ltr'><strong>omnes</strong></span> <span class='ocrx_word' id='word_1_201' title='bbox 1100 3099 1257 3185; x_wconf 86' lang='lat' dir='ltr'><strong>temporis</strong></span> 
     </span>
     <span class='ocr_line' id='line_1_26' title="bbox 206 3209 1257 3298; baseline -0.006 -22"><span class='ocrx_word' id='word_1_202' title='bbox 206 3212 364 3298; x_wconf 86' lang='lat' dir='ltr'><strong>spatiive,</strong></span> <span class='ocrx_word' id='word_1_203' title='bbox 385 3211 552 3296; x_wconf 87' lang='lat' dir='ltr'><strong>praeteriti</strong></span> <span class='ocrx_word' id='word_1_204' title='bbox 570 3210 759 3294; x_wconf 79' lang='lat' dir='ltr'><strong>futurique,</strong></span> <span class='ocrx_word' id='word_1_205' title='bbox 781 3209 862 3272; x_wconf 84' lang='lat' dir='ltr'><strong>certi</strong></span> <span class='ocrx_word' id='word_1_206' title='bbox 880 3218 977 3292; x_wconf 86' lang='lat' dir='ltr'><strong>atque</strong></span> <span class='ocrx_word' id='word_1_207' title='bbox 995 3209 1158 3294; x_wconf 80' lang='lat' dir='ltr'><strong>possibilis</strong></span> <span class='ocrx_word' id='word_1_208' title='bbox 1174 3209 1257 3271; x_wconf 86' lang='lat' dir='ltr'><strong>fines</strong></span> 
     </span>
     <span class='ocr_line' id='line_1_27' title="bbox 205 3317 1257 3407; baseline -0.006 -23"><span class='ocrx_word' id='word_1_209' title='bbox 205 3329 395 3407; x_wconf 79' lang='lat' dir='ltr'><strong>poneretur.</strong></span> <span class='ocrx_word' id='word_1_210' title='bbox 436 3321 532 3383; x_wconf 84' lang='lat' dir='ltr'>Unde</span> <span class='ocrx_word' id='word_1_211' title='bbox 560 3319 648 3384; x_wconf 90' lang='lat' dir='ltr'><strong>enim</strong></span> <span class='ocrx_word' id='word_1_212' title='bbox 672 3319 711 3385; x_wconf 79' lang='lat' dir='ltr'><strong>ii·</strong></span> <span class='ocrx_word' id='word_1_213' title='bbox 729 3317 934 3406; x_wconf 83' lang='lat' dir='ltr'><strong>acciderent,</strong></span> <span class='ocrx_word' id='word_1_214' title='bbox 964 3318 999 3379; x_wconf 91' lang='lat' dir='ltr'><strong>in</strong></span> <span class='ocrx_word' id='word_1_215' title='bbox 1022 3318 1081 3380; x_wconf 91' lang='lat' dir='ltr'><strong>illa</strong></span> <span class='ocrx_word' id='word_1_216' title='bbox 1109 3317 1257 3380; x_wconf 88' lang='lat' dir='ltr'><strong>omnium</strong></span> 
     </span>
     <span class='ocr_line' id='line_1_28' title="bbox 203 3426 1257 3515; baseline -0.006 -20"><span class='ocrx_word' id='word_1_217' title='bbox 203 3431 351 3495; x_wconf 69' lang='lat' dir='ltr'><strong>unitate?</strong></span> <span class='ocrx_word' id='word_1_218' title='bbox 393 3432 486 3511; x_wconf 81' lang='lat' dir='ltr'><strong>Quae</strong></span> <span class='ocrx_word' id='word_1_219' title='bbox 504 3452 606 3515; x_wconf 89' lang='lat' dir='ltr'><strong>quum</strong></span> <span class='ocrx_word' id='word_1_220' title='bbox 632 3450 697 3491; x_wconf 92' lang='lat' dir='ltr'><strong>non</strong></span> <span class='ocrx_word' id='word_1_221' title='bbox 720 3429 820 3512; x_wconf 84' lang='lat' dir='ltr'><strong>magis</strong></span> <span class='ocrx_word' id='word_1_222' title='bbox 832 3426 972 3513; x_wconf 87' lang='lat' dir='ltr'><strong>partium</strong></span> <span class='ocrx_word' id='word_1_223' title='bbox 992 3450 1089 3512; x_wconf 85' lang='lat' dir='ltr'><strong>quam</strong></span> <span class='ocrx_word' id='word_1_224' title='bbox 1107 3427 1257 3489; x_wconf 57' lang='lat' dir='ltr'><strong>mutatio*</strong></span> 
     </span>
     <span class='ocr_line' id='line_1_29' title="bbox 203 3536 1257 3626; baseline -0.007 -22"><span class='ocrx_word' id='word_1_225' title='bbox 203 3563 282 3604; x_wconf 90' lang='lat' dir='ltr'><strong>num</strong></span> <span class='ocrx_word' id='word_1_226' title='bbox 296 3542 337 3606; x_wconf 89' lang='lat' dir='ltr'><strong>sit</strong></span> <span class='ocrx_word' id='word_1_227' title='bbox 355 3540 534 3626; x_wconf 74' lang='lat' dir='ltr'><strong>particeps,</strong></span> <span class='ocrx_word' id='word_1_228' title='bbox 557 3537 716 3618; x_wconf 86' lang='lat' dir='ltr'><strong>efficitur,</strong></span> <span class='ocrx_word' id='word_1_229' title='bbox 739 3559 805 3600; x_wconf 91' lang='lat' dir='ltr'><strong>non</strong></span> <span class='ocrx_word' id='word_1_230' title='bbox 827 3536 961 3621; x_wconf 87' lang='lat' dir='ltr'><strong>quidem</strong></span> <span class='ocrx_word' id='word_1_231' title='bbox 971 3536 1059 3622; x_wconf 83' lang='lat' dir='ltr'><strong>fieri</strong></span> <span class='ocrx_word' id='word_1_232' title='bbox 1069 3536 1151 3598; x_wconf 83' lang='lat' dir='ltr'><strong>nilu&#39;l</strong></span> <span class='ocrx_word' id='word_1_233' title='bbox 1159 3556 1257 3621; x_wconf 75' lang='lat' dir='ltr'><strong>posse</strong></span> 
     </span>
     <span class='ocr_line' id='line_1_30' title="bbox 203 3642 1256 3739; baseline -0.01 -27"><span class='ocrx_word' id='word_1_234' title='bbox 203 3652 260 3714; x_wconf 89' lang='lat' dir='ltr'><strong>sed</strong></span> <span class='ocrx_word' id='word_1_235' title='bbox 285 3649 371 3739; x_wconf 81' lang='lat' dir='ltr'><strong>fleri</strong></span> <span class='ocrx_word' id='word_1_236' title='bbox 401 3646 596 3711; x_wconf 74' lang='lat' dir='ltr'><strong>eudemum</strong></span> <span class='ocrx_word' id='word_1_237' title='bbox 622 3667 737 3731; x_wconf 84' lang='lat' dir='ltr'><strong>posse,</strong></span> <span class='ocrx_word' id='word_1_238' title='bbox 771 3668 854 3730; x_wconf 85' lang='lat' dir='ltr'><strong>quae</strong></span> <span class='ocrx_word' id='word_1_239' title='bbox 885 3645 924 3707; x_wconf 84' lang='lat' dir='ltr'><strong>ab</strong></span> <span class='ocrx_word' id='word_1_240' title='bbox 955 3642 1144 3706; x_wconf 80' lang='lat' dir='ltr'><strong>aeternitate</strong></span> <span class='ocrx_word' id='word_1_241' title='bbox 1178 3660 1256 3702; x_wconf 80' lang='lat' dir='ltr'><strong>cera</strong></span> 
     </span>
     <span class='ocr_line' id='line_1_31' title="bbox 200 3748 1256 3843; baseline -0.009 -25"><span class='ocrx_word' id='word_1_242' title='bbox 200 3759 273 3826; x_wconf 84' lang='lat' dir='ltr'><strong>sint.</strong></span> <span class='ocrx_word' id='word_1_243' title='bbox 317 3760 431 3843; x_wconf 86' lang='lat' dir='ltr'><strong>Neque</strong></span> <span class='ocrx_word' id='word_1_244' title='bbox 452 3753 628 3821; x_wconf 82' lang='lat' dir='ltr'><strong>absurdum</strong></span> <span class='ocrx_word' id='word_1_245' title='bbox 644 3764 692 3817; x_wconf 89' lang='lat' dir='ltr'><strong>est</strong></span> <span class='ocrx_word' id='word_1_246' title='bbox 708 3753 772 3818; x_wconf 93' lang='lat' dir='ltr'><strong>hoc</strong></span> <span class='ocrx_word' id='word_1_247' title='bbox 796 3754 930 3833; x_wconf 89' lang='lat' dir='ltr'><strong>dictum,</strong></span> <span class='ocrx_word' id='word_1_248' title='bbox 954 3748 1131 3816; x_wconf 81' lang='lat' dir='ltr'><strong>dummodo</strong></span> <span class='ocrx_word' id='word_1_249' title='bbox 1147 3762 1256 3810; x_wconf 83' lang='lat' dir='ltr'><strong>esseu-</strong></span> 
     </span>
     <span class='ocr_line' id='line_1_32' title="bbox 200 3855 1256 3948; baseline -0.01 -20"><span class='ocrx_word' id='word_1_250' title='bbox 200 3863 265 3928; x_wconf 89' lang='lat' dir='ltr'><strong>tiae</strong></span> <span class='ocrx_word' id='word_1_251' title='bbox 278 3865 371 3929; x_wconf 86' lang='lat' dir='ltr'><strong>illam</strong></span> <span class='ocrx_word' id='word_1_252' title='bbox 383 3865 542 3928; x_wconf 87' lang='lat' dir='ltr'><strong>unitatem</strong></span> <span class='ocrx_word' id='word_1_253' title='bbox 550 3861 691 3948; x_wconf 87' lang='lat' dir='ltr'><strong>primum</strong></span> <span class='ocrx_word' id='word_1_254' title='bbox 702 3861 965 3930; x_wconf 77' lang='lat' dir='ltr'><strong>concesserimus.</strong></span> <span class='ocrx_word' id='word_1_255' title='bbox 979 3865 1079 3942; x_wconf 87' lang='lat' dir='ltr'><strong>&#39;Quae</strong></span> <span class='ocrx_word' id='word_1_256' title='bbox 1090 3878 1198 3945; x_wconf 13' lang='lat' dir='ltr'><strong>*quum</strong></span> <span class='ocrx_word' id='word_1_257' title='bbox 1215 3855 1256 3918; x_wconf 85' lang='lat' dir='ltr'><strong>ab</strong></span> 
     </span>
     <span class='ocr_line' id='line_1_33' title="bbox 200 3966 1252 4054; baseline -0.006 -23"><span class='ocrx_word' id='word_1_258' title='bbox 200 3969 376 4036; x_wconf 85' lang='lat' dir='ltr'><strong>Aristotele</strong></span> <span class='ocrx_word' id='word_1_259' title='bbox 397 3994 463 4036; x_wconf 91' lang='lat' dir='ltr'><strong>non</strong></span> <span class='ocrx_word' id='word_1_260' title='bbox 491 3969 745 4047; x_wconf 87' lang='lat' dir='ltr'><strong>concederetur,</strong></span> <span class='ocrx_word' id='word_1_261' title='bbox 774 3968 924 4054; x_wconf 84' lang='lat' dir='ltr'><strong>ingentes</strong></span> <span class='ocrx_word' id='word_1_262' title='bbox 955 3968 996 4030; x_wconf 91' lang='lat' dir='ltr'><strong>ab</strong></span> <span class='ocrx_word' id='word_1_263' title='bbox 1019 3990 1059 4032; x_wconf 86' lang='lat' dir='ltr'><strong>eo</strong></span> <span class='ocrx_word' id='word_1_264' title='bbox 1076 3966 1154 4029; x_wconf 88' lang='lat' dir='ltr'><strong>huic</strong></span> <span class='ocrx_word' id='word_1_265' title='bbox 1180 3986 1252 4029; x_wconf 84' lang='lat' dir='ltr'><strong>sen·</strong></span> 
     </span>
     <span class='ocr_line' id='line_1_34' title="bbox 200 4073 1252 4173; baseline 0 -34"><span class='ocrx_word' id='word_1_266' title='bbox 200 4077 322 4144; x_wconf 80' lang='lat' dir='ltr'><strong>tentiae</strong></span> <span class='ocrx_word' id='word_1_267' title='bbox 343 4080 417 4146; x_wconf 87' lang='lat' dir='ltr'><strong>lites</strong></span> <span class='ocrx_word' id='word_1_268' title='bbox 443 4079 592 4151; x_wconf 78' lang='lat' dir='ltr'><strong>videmus</strong></span> <span class='ocrx_word' id='word_1_269' title='bbox 610 4097 679 4149; x_wconf 83' lang='lat' dir='ltr'><strong>esse</strong></span> <span class='ocrx_word' id='word_1_270' title='bbox 701 4076 816 4149; x_wconf 82' lang='lat' dir='ltr'><strong>illatas.</strong></span> <span class='ocrx_word' id='word_1_271' title='bbox 849 4075 1012 4171; x_wconf 79' lang='lat' dir='ltr'><strong>Quocirca</strong></span> <span class='ocrx_word' id='word_1_272' title='bbox 1032 4073 1252 4173; x_wconf 77' lang='lat' dir='ltr'><strong>copiosissime</strong></span> 
     </span>
    </p>
   </div>
   <div class='ocr_carea' id='block_1_4' title="bbox 0 0 1320 4732">
    <p class='ocr_par' dir='ltr' id='par_1_4' title="bbox 0 0 1320 4732">
     <span class='ocr_line' id='line_1_35' title="bbox 0 0 1320 4732; baseline 0 0"><span class='ocrx_word' id='word_1_273' title='bbox 0 0 1320 4732; x_wconf 95' lang='lat' dir='ltr'><strong> </strong></span> 
     </span>
    </p>
   </div>
  </div>
 </body>
</html>
