2626 4732
596 354 919 424 -60-‘

178 521 335 607 Sequitur
350 519 495 584 Platonis
529 523 569 584 de
598 522 826 587 recordatione
852 519 1013 593 doctrine.
1054 550 1096 566 —-
1112 517 1235 603 2*on

180 632 283 714 ζητεῖν
303 620 368 719 ἄρα
389 626 444 691 καί
464 628 501 691 τᾶ
518 625 693 708 μανθάνειν
718 623 894 710 ἀνάμνησις
925 619 1000 690 ὅλον
1032 622 1139 688 ἐστίν·
1175 619 1238 689 osia

99 822 102 826 ἱ
178 728 237 801 οὖν
250 734 475 800 tetrasticam
491 731 594 823 τούτῳ
609 737 654 825 τῷ
672 736 819 824 ἐρωτικῷ
828 731 919 822 λόγῳ·
939 723 1032 808 οὗτος
1048 734 1107 814 μὲν
1119 732 1181 819 yde
1195 725 1238 797 dv

176 841 263 929 ἡμᾶς
296 839 461 928 ἆργοῦς
496 840 652 926 ποιήσειε,
685 841 744 907 καί
770 844 840 907 ἐστι
870 847 937 915 τοῖς
976 844 1131 920 μαλακοῖς
1170 839 1248 904 τῶν.

180 937 360 1036 ἅνθρώπων
388 945 469 1033 itta
498 942 657 1014 duodeci·
689 943 743 1014 tta
787 951 822 1013 δὲ
854 942 1061 1034 ἕργαστικούς
1099 970 1133 1011 τε
1181 942 1242 1012 καὶ

41 1101 45 1113 ·
153 1129 155 1135 ¹
182 1058 369 1142 ζητητικοῦς
387 1063 474 1121 ποιεῖ
478 1080 487 1100 ·
509 1046 610 1144 ᾧὲγαῖ
628 1054 786 1121 πιστεύων
801 1049 907 1140 ἀληθῆ
920 1047 1015 1136 εἶναι,
1035 1055 1135 1120 ἐθέλω
1153 1051 1238 1137 μετά

179 1165 376 1249 συνζητεῖν,
397 1158 493 1250 sipara}
516 1157 586 1227 ὅτι
603 1161 700 1229 ἐστίν.
728 1165 812 1232 Add.
843 1158 930 1235 Men.
950 1188 982 1249 p.
1004 1165 1056 1232 86.
1078 1186 1107 1266 o.

261 1306 431 1371 Peraimiie
469 1306 534 1372 hoc
577 1317 804 1393 argumentum
846 1319 894 1373 est
926 1308 1111 1373 Stoicorum
1148 1297 1241 1392 ἀργῷ

178 1408 271 1500 λόγῳ.
299 1415 376 1480 vid.
395 1415 470 1483 cio.
487 1416 528 1479 dc
549 1415 619 1484 Fat.
645 1438 691 1484 rc.
709 1417 752 1478 ih.
770 1414 915 1482 Turneb.
930 1426 963 1478 et
977 1416 1086 1480 Davis.
1119 1410 1239 1497 Neque

167 1503 257 1603 ¹roro
277 1521 428 1586 abhorret
448 1549 466 1589 a
486 1523 880 1610 litigiosisMegaricorum
897 1524 1105 1610 argumentis,
1127 1544 1241 1608 qoam·

178 1653 275 1716 quam
293 1633 421 1695 nullum
443 1623 635 1694 hio'eorum
654 1630 823 1693 doctrinae
850 1639 947 1715 caput
973 1649 1149 1716 agnoscere
1180 1627 1242 1688 mi·

178 1740 215 1802 hi
232 1741 354 1803 ridear.
397 1742 563 1820 Quaerere
585 1739 674 1803 enim
687 1740 814 1824 aliquid
837 1748 871 1803 et
896 1739 981 1803 soire
1014 1738 1118 1818 telle,
1148 1737 1241 1800 haud

179 1849 258 1911 rane
276 1866 430 1931 uinquam
452 1845 701 1932 prohibuerunt.
744 1846 813 1909 Nisi
840 1844 1034 1935 igiturquia
1055 1846 1183 1909 Stoicos
1199 1845 1243 1906 ah

178 1955 374 2019 Antisthene
402 1956 489 2018 hanc
519 1956 680 2021 rationem
721 1955 884 2040 accepisse
921 1962 1032 2041 putet,
1066 1954 1241 2040 Megaricis

180 2085 242 2151 ego
255 2086 334 2158 'eam
352 2063 530 2129 vindicem.

263 2207 352 2271 Alias
374 2206 534 2300 incertior
556 2196 719 2273 etiamres
748 2218 806 2279 est.
847 2207 899 2274 lta
927 2207 1020 2273 verbi
1051 2225 1146 2270 causa
1180 2221 1243 2262 ne.

179 2315 261 2379 mini
283 2317 455 2401 suadeam,
478 2329 514 2381 ut
530 2319 571 2382 ad
594 2319 776 2405 Megaricos
806 2319 928 2382 referre
953 2316 1056 2394 velit,
1086 2331 1171 2403 quae
1199 2307 1236 2369 in

179 2424 301 2492 Phaed.
321 2442 353 2511 p.
375 2446 442 2489 roa.
463 2450 493 2493 a.
510 2427 662 2495 adversos
694 2417 910 2508 ἆντιλογικοῦς
941 2423 1101 2512 quosdam
1125 2417 1238 2501 dispu-

115 2608 118 2613 .
178 2540 308 2613 tantur,
330 2527 388 2617 qui
415 2534 525 2597 omnia
549 2535 742 2609 miscentes,
784 2533 948 2620 principia
977 2543 1010 2595 et
1025 2551 1078 2595 res
1099 2510 1237 2611 genera·

179 2650 228 2703 tas
237 2641 315 2721 ‚sio
336 2641 377 2704 ad
398 2663 510 2705 verum
539 2643 707 2728 perveniri
737 2664 831 2728 posse
855 2640 1105 2723 arbitrabantur.
1153 2633 1238 2695 Nam

180 2758 329 2833 apertum
347 2759 394 2812 est
415 2771 519 2835 quum
538 2772 579 2812 ex
600 2749 670 2835 ipso
695 2748 872 2815 Phaedone
889 2773 921 2835 p.
944 2770 997 2833 9⁰·
1019 2769 1068 2823 c.‚
1096 2753 1167 2808 tum
1194 2760 1249 2837 ets¹

179 2844 262 2920 locis
283 2856 418 2925 Theaet.
438 2880 472 2943 p.
490 2879 559 2943 ¹97·
585 2864 615 2927 a.'
635 2868 674 2941 et¹
689 2859 791 2944 Soph.
817 2881 850 2944 p.
872 2860 943 2926 232.
967 2857 999 2925 h.
1027 2850 1181 2938 Gorgiam
1204 2857 1240 2914 ct

80 2986 81 2989 ’
179 2968 389 3049 Protagoram
402 2964 466 3029 hoo
484 2965 619 3028 nomine
639 2965 811 3030 aPiatone
835 2963 993 3051 appellari
1018 2965 1061 3039 ¹).
1111 2963 1239 3041 Quam·

180 3095 279 3156 quam
299 3070 455 3136 infitiatus
478 3094 545 3135 non
561 3058 698 3154 inerim,
720 3073 839 3159 siquis
861 3068 1052 3137 Antistheni
1075 3068 1173 3132 ctiam
1195 3087 1238 3131 eo

179 3179 256 3244 loco
288 3180 462 3243 obtrectari
496 3182 625 3245 dixerit.
673 3182 747 3244 Non
784 3180 872 3244 enim
898 3179 1006 3243 solum
1027 3175 1182 3259 Gorgiam
1208 3174 1238 3244 it

180 3286 306 3351 audivit
325 3291 375 3369 ²),
399 3290 456 3353 aed
478 3291 657 3376 plurimum
678 3309 813 3374 quoqne
834 3287 869 3350 in
891 3287 953 3351 hac
968 3287 1009 3350 de
1029 3279 1239 3367 ἆντιλογικοῖς

180 3396 399 3460 controversia
422 3388 470 3462 eat
493 3408 649 3463 versatos.
696 3397 774 3477 Qua
797 3397 839 3460 do
874 3418 910 3459 re
942 3395 1043 3460 libros
1076 3393 1238 3481 quosdam

180 3503 306 3584 edidit,
337 3515 577 3589 quornmtres,
603 3503 678 3590 napi
706 3505 766 3568 rori
794 3494 982 3586 ἀντιλέγειν,
1010 3502 1122 3588 scripti
1143 3507 1238 3563 erant

180 3611 331 3688 adversus
351 3592 529 3676 Platonem.
585 3613 662 3690 via.
680 3611 775 3696 mog.
791 3615 826 3679 a.
849 3611 912 3674 111.
934 3611 985 3678 35.
1003 3612 1064 3678 vr.
1083 3629 1132 3694 17.
1172 3607 1244 3677 aa.

182 3741 247 3803 que
262 3742 338 3786 vero
361 3720 427 3782 aiio
445 3721 541 3801 loco,
564 3720 604 3786 dc
620 3704 700 3808 Rep.
723 3721 781 3785 Vt.
804 3742 835 3805 p.
864 3719 938 3804 499.
956 3740 1003 3800 a.,
1029 3727 1096 3783 tana
1116 3713 1239 3802 Εῐίιλί-Ι

220 3999 246 4069 ι)
283 3996 362 4050 (Σοηΐ.
381 3996 524 4066 Wyttenb.
544 3999 578 4050 ad
597 3995 696 4049 Phaed.
715 3953 747 4066 pi
764 3993 824 4064 ado.
844 3994 945 4050 Heind.
965 3994 1000 4047 ad
1018 3991 1117 4046 Phaed.
1135 4010 1163 4062 p.
1176 3992 1237 4051 tio.

219 4096 247 4163 a)
280 4093 361 4162 Diog.
379 4093 410 4148 L.
430 4092 476 4146 vt.
509 4112 530 4147 ι.
557 4093 642 4153 Arist.
672 4089 896 4161 Elench.⁴JSoph.
923 4091 1043 4148 XXXIV.
1063 4088 1090 4164 p.
1117 4090 1185 4166 6³9·
1205 4089 1236 4145 Β.

219 4196 221 4201 ·
292 4183 453 4243 Sohlcierm.
471 4187 595 4244 Prooem.
619 4183 737 4254 nathyd.
757 4181 865 4254 piod.
1198 4190 1201 4195 '
