2626 4732
557 368 767 435 -27-

226 536 482 622 »Megaricorum
514 535 578 598 fuit
618 535 738 598 nobilis
773 514 966 621 disciplina,
1015 531 1130 608 cuius,
1153 539 1190 591 ut

138 643 294 728 seriptum
332 642 446 720 video,
487 641 638 726 princepe
667 637 908 725 Xenophanes,
957 660 1056 724 quem
1092 639 1189 701 modo

140 750 320 823 nominavi;
364 750 485 816 deinde
523 773 599 813 eum
632 749 736 814 secuti
760 749 978 824 ¹Parmenides
1011 759 1044 814 et
1081 753 1188 819 Zeno;

103 920 106 927 ,
137 859 248 942 itaque
276 860 316 921 ab
337 859 388 920 his
407 859 547 922 Eleatici
574 855 764 943 philosophi
794 856 1057 924 nominabantur.
1112 859 1191 921 Post
1241 867 1245 874 '

136 969 290 1032 Euclides
318 970 459 1034 Socratis
489 968 668 1054 discipulus
703 970 890 1053 Megarens3
937 989 956 1029 a
984 989 1051 1052 quo
1086 964 1189 1028 iidem

135 1075 186 1135 illi
207 1076 363 1158 Megarici
383 1076 480 1140 dieti:
517 1076 574 1160 qui
597 1074 636 1136 id
656 1076 772 1140 bonum
790 1076 895 1139 solum·
918 1097 983 1138 erse
1016 1073 1185 1147 dicebant,

135 1185 225 1267 qaod
245 1199 327 1248 esset
347 1205 443 1248 unum
472 1198 502 1247 et
522 1185 626 1246 simile
655 1198 686 1248 et
713 1179 951 1269 idem'semper.
992 1173 1034 1245 Hi
1055 1202 1187 1267 quoquc

138 1291 242 1355 multa
263 1315 282 1354 a
303 1297 491 1359 Platones·

216 1400 431 1485 Perspicuum
460 1401 560 1486 igitur
598 1410 665 1481 est,
708 1402 882 1465 Euclidem
902 1458 904 1462 ,
922 1421 1025 1462 unum
1060 1406 1187 1460 tautum

130 1508 255 1569 bonum
273 1499 442 1593 posuisse,
485 1509 584 1593 idque
602 1510 673 1572 sihi
694 1519 852 1594 perpetuo
884 1518 1056 1585 constans,
1088 1514 1185 1588 atque

132 1623 167 1674 ut
188 1615 232 1676 ita
253 1615 381 1692 dicam,
414 1637 483 1676 vere
498 1637 574 1676 ens:
594 1615 757 1677 idxautem
778 1615 914 1681 diversis
936 1612 967 1677 ei
988 1612 1094 1675 visum
1115 1631 1185 1674 esse

130 1721 318 1783 nominibus
340 1723 515 1805 appellari;
546 1722 642 1785 modo
663 1720 832 1807 φρόνησιν,
855 1722 890 1786 id
904 1729 953 1786 est
967 1719 1185 1805 prudentiam,

133 1810 231 1893 modo
251 1832 385 1910 Deum,
424 1829 521 1890 etiam
542 1827 634 1905 νοῦν,
674 1830 709 1892 id
731 1837 779 1892 cst
798 1826 969 1891 mentem,
996 1827 1086 1888 Haec
1114 1826 1184 1888 fere

128 1946 178 2000 est
201 1938 370 2020 utriusque
398 1932 464 1999 lo'ci
484 1937 665 2016 sententia,
688 1937 752 2000 uisi
777 1937 868 2021 quod
885 1937 1051 2018 Diogenes
1071 1934 1185 1998 Eueli·
1284 1922 1288 1939 ³

127 2044 203 2108 dem
225 2044 456 2107 tantummodo.
470 2045 673 2108 Parmenidis
695 2045 876 2109 doctrinam
897 2045 1040 2127 attigisse
1062 2051 1183 2123 narrat,

79 2128 80 2132 Ἰ
126 2149 243 2213 Cicero
265 2159 373 2212 autem
395 2149 632 2234 Xenophanem
654 2159 686 2212 et
706 2120 935 2214 Parmenidem
964 2152 1084 2216 diserte
1114 2154 1182 2218 Me·

125 2258 312 2342 garicorum
334 2258 413 2320 facit
434 2254 591 2320 auctores.
636 2258 876 2341 Quamobrem,
913 2283 1016 2346 quum
1039 2261 1183 2326 Graecos

125 2377 273 2430 auctores
304 2385 346 2431 se*
369 2376 444 2429 ante
467 2348 581 2432 oculos
610 2367 762 2432 habuisse
783 2371 940 2451 fateatur,
980 2371 1179 2456 reprehendi

125 2496 192 2535 non
221 2485 327 2558 potest
347 2480 381 2554 1).
424 2477 598 2541 Euclidem
620 2487 749 2559 autem,
782 2482 992 2565 quantumvis
1015 2481 1181 2545 Eleaticae

125 2581 317 2645 dialecticae
339 2592 538 2663 amatorem,
575 2607 610 2648 re
633 2608 709 2652 vera
729 2597 837 2650 tamen
862 2588 1066 2651 Socraticum
1094 2611 1181 2654 sem·

65 2759 67 2763 7
124 2709 184 2771 per
203 2688 322 2768 fuisse,
358 2692 487 2754 abunde
506 2704 643 2760 constat.
685 2697 809 2762 Verum
830 2718 868 2759 ea
889 2720 941 2760 res
963 2698 1096 2762 uberius
1125 2722 1180 2764 ex·

123 2793 275 2877 plicanda
295 2804 353 2860 est.
386 2799 544 2865 Videmus
566 2802 655 2864 enim
674 2800 848 2865 Euclidem
881 2804 1094 2891 Parmenides
1120 2817 1182 2869 tm-
1222 2827 1223 2830 ’

124 2910 247 2964 ctasset
281 2905 504 2988 quaerendum
527 2908 589 2969 erit
617 2908 734 2993 igitur,
776 2930 841 2992 quo
868 2909 902 2971 id
930 2919 1026 2994 pacto
1052 2895 1179 2992 fecerit,

126 3018 274 3096 quaeque
294 3015 379 3078 inter
399 3018 563 3080 Eleaticos
597 3020 694 3102 alque
732 3020 913 3104 Megaricos
943 3021 1118 3086 doctrinae
1141 3001 1196 3085 sis

124 3121 278 3208 militudo
300 3135 355 3186 aut
377 3125 517 3189 affinitas
538 3128 672 3189 omnino
694 3129 860 3195 exstiterit.

209 3222 316 3313 Atque
328 3235 539 3299 Parmenides
559 3237 691 3319 quidem
714 3239 855 3323 primum
870 3239 964 3301 Entis
981 3239 1114 3303 notione
1136 3239 1179 3300 ita
1212 3302 1215 3315 Δ

108 3339 235 3400 ‘omnia
260 3350 329 3403 erat
352 3345 562 3430 complexus,
592 3356 628 3410 ut
650 3358 818 3434 praeterea
843 3350 1023 3434 quidquam
1041 3349 1177 3432 cogitari

129 3513 381 3528 *μυ-..ιιι-

162 3637 190 3708 1)
228 3639 303 3693 Male
317 3640 391 3694 haue
407 3642 497 3696 locum
519 3647 674 3717 inspectum
695 3666 753 3702 esse
772 3649 858 3711 ‘video
880 3668 896 3702 a
917 3652 938 3702 Ι.
963 3649 995 3702 G.
1020 3648 1120 3701 Buhlio
1147 3648 1177 3699 iu

233 3734 336 3787 Comm.
357 3736 391 3789 de
407 3737 471 3808 Log.
490 3734 716 3796 auteAristot.in
735 3735 839 3798 Comm.
869 3743 944 3798 Gott.
966 3743 1014 3796 xl.
1039 3739 1101 3801 240.
1128 3746 1176 3816 qui
1271 3787 1274 3797 .

88 3810 90 3826 ³
128 3881 130 3884 Α
230 3846 287 3881 uon
322 3831 411 3882 solum
435 3833 591 3904 Diogenem
618 3844 646 3888 ct
671 3837 832 3891 Ciceronem
860 3836 1021 3900 confundit,
1057 3836 1105 3889 aed
1126 3853 1176 3906 pro

214 3912 399 3979 'Permesside
426 3946 537 4000 quicque
562 3930 636 4001 apud
668 3932 830 3986 Ciceronem
852 3929 957 4000 ¹laudat
980 3933 1175 4004 Protagoram.

234 4016 305 4068 Nam
321 4035 377 4072 nou
394 4021 523 4092 estquod
550 4033 696 4093 putemus,
725 4045 789 4078 eum
813 4027 843 4078 iu
862 4025 915 4079 hac
937 4026 1049 4097 quidem
1076 4045 1104 4080 rc
1126 4025 1178 4079 ad-

233 4108 359 4167 hibuisse
378 4111 554 4174 Aristotelem
575 4119 604 4172 iu
617 4117 738 4192 Metaph.
757 4121 801 4177 1x.
821 4137 848 4191 p.
866 4125 934 4192 178,
953 4124 997 4202 aa.
1034 4124 1077 4180 Br.
