2626 4732
483 397 693 470 ...37-

61 569 223 640 Videmus
242 569 353 653 itaque
367 563 541 631 Euclidem
555 573 653 649 atque
669 562 850 649 Megaricos
868 566 903 629 ia
923 561 1114 633 dialecticae

60 700 184 745 summa
201 675 241 737 ab
259 674 528 739 Eleatisomnino
551 672 741 761 pendentes.
783 673 909 754 Quodsi
929 682 1036 737 antem
1064 676 1115 738 ni·

60 787 111 850 bil
134 784 290 847 mutabile
311 792 364 845 aut
385 792 508 844 motum
528 801 604 843 vere
625 801 694 842 esse
715 779 860 844 arbitrati
888 793 983 858 snut,
1007 803 1115 868 neque

62 893 209 956 sensibus
250 890 429 974 quidquam
471 887 669 951 credendum
700 898 755 951 aut
785 889 947 970 dandum,
992 890 1116 974 longis·

62 1002 142 1062 sime
159 1009 265 1060 tamen
295 1019 313 1059 a
345 997 568 1082 Scepticorum
600 997 856 1061 dubitationibus
887 997 1116 1066 abhorrebant.

62 1107 150 1185 Quin
171 1128 274 1167 unum
295 1116 382 1168 certe
403 1106 490 1168 illud
512 1095 609 1178 ὄντως
632 1093 668 1165 ὅν
697 1106 825 1166 firmum
846 1104 1027 1189 stabileque
1045 1125 1116 1169 esse

61 1212 222 1276 dicebant.
267 1214 485 1292 Quamobrem
505 1211 794 1297 reprehendendus
817 1221 864 1276 est
884 1214 1032 1295 Seneca,
1058 1218 1119 1298 qui

60 1320 279 1385 diversissima
302 1317 350 1381 sie
375 1318 563 1381 confundit:
595 1317 837 1402 »Nausiphanes
851 1321 876 1398 ¹)
899 1319 962 1398 ait,
995 1340 1036 1382 ex
1052 1319 1117 1404 his,

63 1451 148 1515 quae
169 1429 321 1492 videntur
342 1449 432 1506 esse,
467 1425 550 1488 nihii
570 1427 672 1511 magis
699 1448 789 1506 esse,
822 1448 918 1511 quam
939 1447 1006 1488 nou
1038 1448 1118 1491 esse.

60 1537 271 1600 Parmenides
289 1535 350 1615 eit,
384 1555 424 1596 ex
445 1532 517 1615 bis,
539 1556 623 1618 quae
655 1535 830 1617 videntur,
866 1535 950 1597 nihil
981 1556 1050 1598 esse
1081 1533 1117 1597 in

62 1645 304 1716 universum2).
343 1645 431 1704 Zeno
452 1641 583 1705 Eleates
613 1641 720 1703 omnia
753 1644 881 1727 negotia
915 1645 955 1707 de
985 1642 1118 1727 negotio

63 1753 199 1816 deiecit:
222 1751 267 1813 ait
286 1750 368 1811 nibil
388 1770 464 1811 erse.
508 1750 604 1814 Circa
627 1752 740 1813 eadem
759 1747 830 1814 fere
852 1751 1027 1836 Pyrrhonii
1048 1771 1118 1814 ver·

14 1866 19 1877 “
60 1867 175 1924 eantur
202 1868 234 1920 et
257 1858 411 1942 Megarici
444 1866 477 1920 et
505 1858 645 1923 Eretrici
666 1861 697 1937 3)
740 1868 786 1922 et·
811 1858 1016 1939 Academici,
1059 1858 1118 1941 qui

61 1987 177 2030 novam
228 1966 428 2029 induxerunt
477 1968 663 2049 scientiam,
713 1968 797 2032 nibil
837 1968 948 2031 scires
1011 1965 1117 2052 Epist·

60 2074 269 2142 Lxxxvln.
290 2095 321 2158 p.
342 2074 415 2158 570.
437 2072 524 2161 Lips.

403 2242 731 2262 m

145 2351 211 2414 Sed
230 2356 357 2436 tempus
378 2358 451 2430 est,
485 2359 523 2412 ut
545 2350 849 2425 Schleiermacberi,
879 2351 953 2416 Viri
981 2351 1117 2434 Summi,

62 2458 279 2522 acutissimam
306 2458 347 2522 de
378 2460 522 2523 Platonis
558 2459 631 2524 ioco
660 2463 880 2526 coniecturam
919 2481 1119 2525 commemo·

60 2589 178 2633 remus.
219 2567 299 2629 Nam
319 2566 354 2627 in
377 2567 545 2652 sophista,
581 2592 682 2654 quum
704 2571 744 2632 de
766 2571 857 2632 Entis
889 2579 922 2632 et
949 2591 1015 2631 non
1046 2568 1116 2630 En-

58 2677 102 2740 tis
137 2684 251 2737 natura
292 2675 475 2759 gravissime
510 2678 651 2762 disputet
682 2679 796 2758 Plato,
829 2679 864 2741 id
893 2678 955 2740 sibi
987 2677 1116 2742 videtur

60 2783 287 2871 proposuisse,
325 2793 362 2845 ut
389 2786 518 2848 intimos
549 2784 773 2870 philosophiae
800 2807 963 2864 recessus,
1003 2782 1039 2845 id
1066 2791 1116 2848 est

30 2876 34 2890 ¹
60 2893 155 2956 Entis
177 2891 439 2976 cognitionisque
461 2892 749 2974 coniunctionem,
781 2893 921 2980 aperiret
936 2893 973 2975 ¹¹).
1015 2894 1053 2955 ln
1077 2915 1115 2958 eu

75 3083 307 3103 ...Ι-ῃ

122 3186 148 3261 r)
166 3192 373 3256 Democriteus,
400 3193 600 3267 Pyrrhonisque
624 3195 777 3249 familiaris.
821 3195 877 3248 cio.
895 3194 958 3252 Nat.
977 3196 1012 3250 D.
1029 3197 1050 3249 Ι.
1070 3198 1115 3252 26·

168 3287 206 3340 ib.
226 3290 312 3359 intpp.
334 3292 414 3362 Diog.
435 3292 466 3346 L.
485 3294 509 3350 1.
532 3291 625 3347 15.1x.
648 3310 706 3346 ica.
726 3292 758 3346 X.
777 3292 803 3349 8·
826 3291 901 3353 Sext.
929 3293 1006 3364 Emp.
1025 3290 1114 3346 Math-

168 3385 189 3434 Ι.
209 3402 233 3437 u.
252 3385 291 3436 ib.
312 3387 392 3440 Febr.
414 3406 441 3458 p.
459 3391 519 3444 215.

114 3477 143 3549 ι)
161 3478 235 3530 Male
253 3479 326 3548 Lips.
350 3484 482 3538 coniecit:
507 3501 610 3538 unum
638 3501 724 3538 esse
746 3483 974 3539 uniuersum.
998 3479 1114 3538 Manud.

167 3573 251 3627 Stoic.
276 3575 309 3626 IL
333 3576 395 3630 diss.
415 3577 464 3651 d„

114 3665 146 3735 3)
162 3671 203 3720 Ita
222 3671 328 3740 egregie
346 3672 420 3743 Lips.
439 3690 489 3743 pro
508 3674 579 3743 vulg.
599 3674 709 3731 Crin'ci.
804 3651 813 3660 -

113 3765 147 3834 4)
163 3762 404 3821 Vid'Schleierm.
423 3767 545 3822 Prooem.
570 3768 654 3839 Soph.
678 3785 705 3838 p.
729 3771 786 3823 130.
816 3768 906 3839 Quam
932 3782 991 3818 rem
1015 3766 1114 3820 etiam-

165 3876 240 3912 nunc
266 3877 282 3912 a
307 3871 350 3916 tot
377 3862 537 3917 hominibus
563 3862 727 3917 doctissimis
757 3878 854 3932 parum
881 3861 1018 3932 intelligi,
1048 3878 1117 3916 saue

169 3955 271 4008 mirum
288 3966 336 4010 est
361 3957 394 4011 In
413 3959 514 4031 quibus
533 3961 617 4013 etiam
635 3964 679 4013 est
697 3958 729 4011 G.
751 3959 846 4011 Groen
870 3974 926 4011 van
946 3958 1118 4013 Priusne»

166 4051 196 4101 in
216 4049 314 4105 libello
334 4061 453 4105 ceterum
479 4053 570 4106 bonae
597 4040 683 4123 frugis
717 4050 895 4122 plenissimo,
923 4052 1116 4126 Prosopogra·

74 4140 76 4145 '
162 4143 233 4216 piria
249 4138 422 4211 Platonico,
449 4147 716 4219 tendissemus,
742 4146 790 4216 qui
817 4162 887 4217 quae
911 4144 945 4199 de
968 4143 1116 4218 Megaricis
