2626 4732
506 1288 508 1294 .
603 1160 651 1276 li.
796 1180 825 1209 ²

103 1397 292 1538 Erplicata
312 1449 412 1535 igitur
432 1413 668 1532 Megaricorum
688 1443 844 1526 historia,
874 1448 937 1509 iam
965 1464 1048 1532 quae
1086 1446 1147 1510 do·
1207 1474 1210 1481 ·

103 1559 209 1622 ctrina
228 1577 341 1622 eorum
360 1553 478 1632 fuerit,
501 1551 693 1617 videbimus.
716 1552 788 1631 Qua
808 1551 940 1636 quidem
955 1553 989 1617 in
1001 1575 1037 1616 re
1052 1553 1147 1616 nobis

100 1673 172 1727 tum
206 1664 337 1726 demum
366 1659 492 1744 aliquid
513 1659 656 1724 effecisse
677 1659 880 1733 videbimur,
910 1658 937 1724 si
958 1668 1015 1723 aut
1034 1683 1073 1725 ca
1093 1682 1148 1726 so·

97 1771 169 1834 lum
190 1768 416 1848 attulerimus,
452 1787 535 1850 quae
556 1774 592 1827 ut
611 1766 846 1850 Megaricorum
859 1763 996 1832 ¹decreta
1024 1790 1044 1832 a
1062 1789 1148 1832 non·

96 1876 198 1941 nullis
220 1875 340 1939 diserte
362 1873 553 1953 laudantur,
586 1894 670 1957 quae
693 1883 769 1938 sunt
788 1896 866 1939 sane
886 1898 1070 1961 perpauca;
1085 1883 1149 1938 'aut

94 2005 145 2064 ea,
167 2004 252 2068 quae
274 1982 362 2069 apud
382 1983 488 2062 alios,
516 1983 687 2046 Platonem
700 1982 860 2066 inprimis
882 1993 916 2046 et
928 1984 1147 2064 Aristotelem,

92 2101 238 2177 reperta,
264 2091 305 2155 iis
324 2089 414 2154 haud
433 2099 556 2154 temere
576 2090 776 2157 tribuuntur.
815 2092 1024 2156 Manifestum
1038 2101 1148 2156 autem

93 2209 163 2280 est,
199 2197 403 2285 plurimis”
379 2219 486 2284 nsque
515 2196 711 2284 gravissimis
740 2219 839 2264 unam
863 2199 1063 2287 alteramque
1091 2219 1147 2262 ra·
1211 2207 1216 2228 '

90 2307 214 2370 tionem
220 2306 339 2393 premi
361 2316 393 2370 et
413 2305 565 2391 impediri
586 2306 840 2371 difficultatibus.

153 2415 364 2478 Doctrinam
391 2413 627 2498 Megaricorum
668 2436 735 2498 quo
772 2415 897 2480 melius
926 2383 1143 2522 exponamus
1166 2413 1168 2419 ’
1212 2493 1216 2498 ¹

94 2533 160 2584 tres
181 2521 252 2615 aius
271 2534 378 2608 partes
398 2523 572 2626 faciemus,
602 2523 637 2586 id
659 2523 749 2607 quod
768 2544 821 2586 res
842 2523 912 2608 ipsa
936 2523 1069 2588 ridetur
1088 2524 1146 2586 ssa·

92 2631 207 2714 gitare
248 2631 402 2710 Quamvis
424 2631 513 2695 enim
535 2651 658 2694 summa
674 2650 788 2695 eorum
809 2629 985 2717 disciplina
1006 2632 1046 2696 ab
1072 2631 1144 2695 Eu·
1234 2654 1236 2659 ’

90 2733 305 2824 clidepusque
331 2740 373 2803 ad
394 2740 576 2825 Stilponem
598 2759 664 2800 una
678 2739 857 2822 eademque
871 2738 1044 2819 manserit,
1068 2747 1146 2803 sunt

91 2828 204 2911 tamen
220 2847 308 2912 inter
327 2847 474 2933 singulos
497 2848 645 2911 doctores
666 2845 856 2911 discrimina
877 2847 1036 2931 quaedam
1054 2843 1144 2910 haud

90 2973 168 3017 sane
189 2956 488 3039 praetermittenda.
508 2956 615 3024 Prima
636 2976 713 3040 ergo
730 2953 828 3017 huius
850 2953 955 3017 libelli
975 2975 1047 3039 pars
1070 2975 1145 3038 aget

89 3060 131 3124 de
151 3061 311 3161 Euclide,
332 3071 365 3127 et
386 3063 425 3127 iis
441 3063 498 3147 qui
518 3062 665 3148 proxime
682 3084 758 3126 cum
772 3065 879 3127 secuti
911 3071 1015 3142 sunt,
1042 3063 1144 3126 altera

91 3167 285 3233 Eubulidam
307 3170 469 3234 describet
489 3170 625 3255 eiusque
648 3171 860 3256 sophismata,
882 3162 978 3233 tertia
999 3172 1141 3256 denique

91 3276 274 3341 Diodorum
286 3278 435 3344 tractaliit
451 3289 484 3343 et
498 3279 695 3365 Stilponem,
718 3281 776 3364 qui
798 3290 835 3342 ut
852 3280 929 3342 alias
945 3279 1142 3365 disciplinae
1225 3350 1228 3352 ,

91 3393 198 3468 partes
226 3385 407 3448 accuratius
433 3386 662 3469 explicuerunt
669 3431 679 3467 ,
701 3386 746 3448 ita
776 3384 953 3451 dialecticis
975 3407 1047 3451 eam
1066 3393 1143 3449 ante

92 3491 202 3566 omnia
224 3513 343 3558 auxere
363 3493 553 3561 rationibus.

525 3691 709 3719 m
784 3710 788 3718 .
