2626 4732
434 380 700 474 v--ss--

166 551 276 636 Atqua
292 559 382 615 recte
400 550 542 635 quidem.
583 550 664 613 Nam
678 548 743 610 hoc
767 546 929 633 sophisma
951 551 1143 623 Aristoteles·

82 640 301 746 tamaespscn
324 659 463 723 stenes.
485 658 902 743 sops.xxs1.a.p.604.
923 660 1038 724 suste.
1059 662 1145 733 aaa.

82 772 173 840 Gall.
189 771 230 838 N.
250 773 289 835 A.
303 770 394 835 XVI
411 790 441 835 2
464 778 498 831 et
521 767 617 851 Diog.
635 769 671 830 1..
691 769 750 832 VI.
767 767 819 850 39.
841 768 882 831 de
900 768 1048 854 Diogene
1077 771 1144 856 cy·
1193 840 1197 847 ,

84 881 182 943 uicos
212 875 293 962 sapic
312 874 369 937 τόν
385 863 707 955 ovupaadpsvovf'
688 894 739 935 οτι
764 875 884 961 κέρατα
907 871 989 956 ἔχει,
1017 869 1146 955 dadae..

85 1006 140 1060 νος
163 983 222 1048 τοῦ
238 977 407 1064 μετώπου,
426 980 487 1063 ἐγω
477 978 584 1063 μέν,
616 1005 698 1068 εφη,
727 1004 789 1064 ουχ
828 974 909 1068 ὁρῶ·
944 963 1062 1062 ὁμοίως
1090 978 1146 1046 καὶ

83 1092 164 1178 πρὸς
186 1085 333 1172 εἰπόντα,
353 1079 406 1151 ὅτι
424 1083 544 1170 κύησις
562 1110 621 1151 ουκ
649 1085 756 1174 ἔστιν,
787 1082 930 1166 ἀναστὰς
955 1083 1146 1175 περιεπάτει.

82 1204 264 1299 Utrumque
288 1219 367 1264 vero
396 1196 628 1280 disputatorem
653 1199 854 1284 Megaricum
876 1200 976 1263 fuisse
997 1198 1167 1262 credide..-

78 1310 152 1377 rim.
193 1309 352 1376 Eamdem
371 1326 470 1390 porro
488 1306 672 1390 captionem
685 1308 782 1371 simul
806 1314 841 1373 ot
853 1308 1010 1392 Diogenis
1024 1307 1149 1371 reluta·

80 1421 207 1485 tionem
223 1418 260 1483 iu
280 1418 391 1481 animo
413 1417 512 1479 hahet
526 1414 655 1481 Seneca
674 1416 775 1501 Epist.
792 1416 844 1538 45.
863 1416 909 1478 ibi
926 1416 1013 1502 Lips.
1025 1438 1059 1501 p.
1074 1414 1148 1484 668·

165 1578 198 1644 6.
240 1577 292 1643 Da
314 1573 469 1662 φαλακρῶ
496 1573 582 1637 nihil
611 1531 786 1638 admodum
813 1576 944 1642 scimus.
992 1575 1072 1641 Eius
1104 1582 1150 1636 ta·
1195 1586 1197 1590 ’

82 1709 159 1751 men
187 1685 357 1771 Menagius
377 1681 566 1768 exemplum
595 1683 661 1746 tale
694 1684 807 1750 finxit:
838 1683 915 1768 »qui
945 1703 1013 1747 non
1047 1681 1150 1755 hahet

82 1797 168 1882 pilos
190 1795 225 1857 iu
248 1794 376 1879 eapite,
410 1795 523 1857 calvus
544 1801 608 1866 est;
646 1790 832 1856 rasus‘non
866 1788 1081 1876 hahetpilos
1112 1790 1149 1851 in

83 1905 208 1990 capite3
229 1888 411 1989 erg'o‘rasus
431 1904 542 1967 calvus
560 1911 636 1965 esta
658 1901 757 1981 Quod
775 1900 857 1963 mihi
874 1899 1010 1984 quidem
1033 1922 1150 1985 parum

80 2009 297 2090 videturesse
318 2021 439 2096 aptum.
471 2015 580 2094 Quare
602 2011 719 2075 soritae
738 2010 848 2094 potius
874 2030 978 2094 genus
997 2009 1150 2094 aliquod,

82 2120 172 2203 quod
192 2120 235 2180 in
253 2119 374 2203 capillo
401 2123 503 2206 magis
525 2122 674 2185 minusve
694 2141 767 2183 raro
788 2129 991 2200 versaretur,
1022 2118 1069 2182 ita
1087 2140 1151 2183 ao-

82 2227 243 2290 miuatum
262 2250 339 2293 >esse
359 2232 559 2299 censuerim.
671 2237 673 2240 ’

165 2363 254 2425 Haeo
276 2363 346 2426 fers
365 2370 442 2427 sunt
459 2363 626 2427 notissima
644 2362 703 2424 illa
733 2361 948 2447 antiquorum
961 2344 1150 2425 dialectico-

80 2493 154 2535 rum
172 2468 327 2551 artificia,
353 2475 441 2556 quaa
471 2470 553 2556 quot
580 2462 807 2535 eruditissimis
835 2454 932 2534 etlam
960 2455 1149 2534 hominihus

81 2578 214 2665 negotia
233 2574 465 2660 exhibuerint,
492 2564 568 2646 satia
599 2591 743 2664 apparet.
784 2581 819 2644 Si
843 2582 917 2665 quis
942 2579 1031 2643 enim
1059 2579 1150 2643 eins·-

83 2687 175 2750 modi
198 2685 508 2770 interrogationibus
532 2688 632 2750 semel
656 2698 723 2751 erat
750 2684 952 2773 implicatae,
985 2695 1149 2772 tamqnam

82 2793 260 2857 verborum
280 2788 474 2878 quibasdam
492 2798 635 2861 vinculis
660 2798 805 2860 irretitus
825 2798 974 2880 undique
996 2792 1150 2862 ilateiie'·

83 2903 201 2981 batur,
223 2911 261 2964 ut
291 2922 359 2964 non
388 2899 453 2968 uisi
478 2906 603 2970 abiecta
628 2907 780 2969 universa
818 2908 1109 2990 atgdmeutatio'ne
1129 2924 1148 2970 e
1267 2938 1279 2965 ι

84 3009 210 3095 laqueis
230 3030 300 3074 sese
320 3021 429 3097 posset
448 3013 614 3099 expedire.
655 3012 697 3076 Et
716 3013 798 3076 haee
812 2996 985 3093 sententia,
1006 3022 1024 3075 e
1042 3013 1150 3078 serbis

84 3118 292 3184 mendacium
314 3129 347 3183 et
363 3143 508 3186 errorem
527 3144 632 3208 aeque
652 3122 806 3186 exsistere
821 3129 923 3206 atque
941 3132 1054 3184 verum
1080 3132 1150 3186 oer-

82 3236 241 3311 tumque,
263 3229 291 3291 si
310 3229 381 3313 quis
401 3251 439 3290 ea
457 3250 517 3313 per
533 3251 567 3292 sa
583 3239 725 3314 spectet,
748 3227 829 3290 mihi
852 3228 988 3312 quidem
1011 3227 1069 3298 has
1099 3230 1149 3290 iri·
1264 3291 1268 3295 ,

83 3333 321 3417 terrogaticnes
342 3335 474 3396 videtur
497 3335 671 3420 peperisse.
729 3335 814 3397 Sunt
841 3354 897 3399 eae
934 3335 1035 3421 igitur
1064 3352 1149 3402 tam-

74 3434 184 3526 ssquam
203 3442 384 3525 crepundia
409 3441 601 3506 dialecticae
625 3442 767 3529 sibiipsi
782 3436 1011 3527 proludentia,
1028 3446 1147 3528 qdibtts

85 3558 162 3613 ante
187 3548 296 3612 omnia
322 3571 404 3612 vana
433 3549 588 3613 scientiae
613 3548 725 3634 opinio
745 3560 960 3619 removeatur.
1011 3551 1149 3615 Manent

86 3655 197 3737 enim,
219 3664 256 3719 ut
275 3677 317 3720 ne
342 3677 451 3717 rerum
482 3655 670 3719 affectiones
690 3655 860 3737 fortuitas,
893 3656 1067 3720 essentiam
1090 3679 1147 3718 ea·
1182 3725 1188 3734 .

83 3788 159 3832 rum
178 3788 246 3830 esse
265 3773 435 3852 putemus3
456 3766 490 3829 id
514 3766 606 3849 quod
617 3755 811 3845 ψευδόμενος
828 3772 862 3826 e't
881 3750 1148 3846 ἐγκεκαλύμμένος

85 3875 251 3961 inprimis
271 3883 389 3959 agunt3
429 3884 658 3958 accurataaque
682 3871 873 3958 praesertim
898 3878 932 3935 et
960 3871 1146 3935 universam

17 3987 21 3991 ’
84 4006 155 4049 rem
177 3982 430 4068 complectentes
445 3981 652 4045 definitiones
670 3968 919 4059 commendant,
951 3988 989 4042 ut
1019 3964 1145 4046 sorites.

85 4095 171 4157 Auta
191 4091 301 4157 omnia
324 4100 431 4152 autem
449 4091 707 4165 conclusionum,
730 4104 809 4173 quas
827 4096 963 4171 vocant,-
987 4084 1145 4172 hypothe-

84 4203 221 4266 ncaram
244 4197 389 4282 veritati,
416 4207 534 4286 utpote
551 4196 669 4283 quibus
698 4194 747 4264 nil
772 4192 1076 4282 uagis‘ttegartei:
1092 4197 1144 4264 si-
