2626 4732
532 377 743 446 -61-

122 572 255 631 eorum,
286 569 384 634 quam
418 546 642 613 communium
678 552 844 608 oratorum
883 553 916 606 et
966 545 1183 631 sophistarum

122 660 326 726 mentionem
346 657 418 720 fieri
438 656 586 719 arbitror.
627 654 695 716 Nee
721 652 820 736 magis
838 650 1069 736 lepidissimam
1092 654 1183 715 illam

124 769 253 834 ardoris
268 786 445 852 puerorum
476 763 510 825 in
531 763 737 829 dialecticam
766 761 961 825 irruentium
984 763 1186 854 descriptio·

115 873 469 960 nem,quaeleg1tur
496 871 537 935 de
566 873 647 956 Rep.
666 873 741 937 Vll.
765 896 797 957 p.
822 874 894 957 539
923 894 950 936 c.
977 871 1018 934 ad
1042 870 1185 956 Megari-

130 1008 186 1054 cos
206 979 383 1049 retulerim.
427 982 551 1046 Verum
569 981 647 1043 talia
668 981 746 1042 nolo
766 1002 972 1045 enumerare.

212 1241 375 1325 Ludendo
396 1240 496 1329 igitur
518 1250 551 1303 et
569 1238 707 1302 iocando
731 1240 904 1303 Platonem
925 1239 1072 1304 videmus
1092 1259 1192 1302 coer·

129 1334 465 1435 cere'Megaricorum
481 1348 667 1433 disputandi
694 1348 983 1433 intemperantiam.
1024 1350 1067 1410 At
1088 1350 1187 1434 longe

128 1458 229 1520 'aliter
246 1457 435 1520 Aristoteles
457 1457 546 1524 lacit.
588 1457 635 1519 Re
655 1454 747 1527 fenim
767 1457 897 1519 etfacto
922 1446 1111 1542 comprobat
1133 1459 1185 1536 id,

135 1565 309 1650 quodipse
334 1563 450 1645 docet,
480 1587 546 1627 non
570 1587 638 1628 uno
667 1565 848 1648 eodemque
873 1565 970 1627 modo
996 1567 1187 1629 adversariis

135 1672 286 1736 omnihus
303 1692 370 1736 esse
394 1674 645 1738 occurrendum.
686 1674 791 1758 Egere
818 1671 906 1734 enim
923 1672 1002 1737 alios
1023 1674 1187 1759 persuasi-

134 1781 277 1875 one,7vi
301 1781 403 1848 alios:
434 1802 536 1865 quum
560 1781 693 1865 quidam
717 1780 920 1866 ignoratione
949 1784 1016 1844 veri
1036 1789 1186 1869 peccent,
1235 1863 1238 1868 ¹

84 1911 87 1918 ·
132 1887 252 1974 quihus
273 1887 371 1952 facila
391 1889 433 1952 sit
450 1888 594 1969 mederi,
612 1925 654 1937 —
669 1879 741 1952 ὅσοι
756 1889 792 1952 δὲ
810 1884 905 1971 λόγον
923 1883 1025 1974 χάριν
1043 1888 1186 1971 λέγουσι,

130 1990 255 2060 τούτων
276 1995 309 2057 δ’
325 1990 452 2080 ἔλεγχος
478 1991 563 2069 ἴασις
579 1997 639 2058 τοῦ
657 1995 748 2082 ἐντῇ
772 1999 864 2084 φωνῇ
881 1992 1050 2083 λόγονκαὶ
1071 1996 1131 2058 τοῦ
1152 1994 1187 2057 ἐν

133 2111 201 2179 τοῖς
217 2097 370 2185 ὀνόμασιν
391 2108 428 2186 ¹).
469 2105 672 2190 conscripsit
698 2105 799 2187 igitur
820 2106 942 2170 librum
964 2108 1003 2169 de
1029 2103 1187 2168 Elenchis

113 2214 332 2303 sophisticis.
374 2218 414 2278 In
433 2234 620 2298 quoquam
640 2214 744 2276 omnis
766 2216 894 2301 generis
917 2214 1084 2299 captiones
1110 2232 1188 2295 pro.
1283 2207 1288 2218 '

134 2331 302 2407 ponantur
323 2343 501 2406 earumque
527 2321 759 2385 solvendarum
786 2323 944 2401 rationes,
973 2320 1187 2383 Eristioarum
1211 2318 1213 2323 ’

134 2429 172 2491 in
198 2429 312 2514 primis
333 2430 536 2493 mentionem
564 2429 653 2496 iacit.
694 2433 784 2511 Quas
805 2431 850 2493 ita
872 2427 1043 2494 describit:
1065 2423 1188 2509 ipsora-
1281 2440 1285 2447 ²

137 2530 191 2597 ιιοί
217 2530 247 2597 oi
271 2534 307 2630 ἐν
325 2535 389 2598 τῶν
416 2537 615 2622 φαινομένων
637 2533 789 2620 ἐνδόξων,
808 2538 853 2621 μῆ
870 2528 970 2601 όντων
992 2534 1045 2613 δέ,
1073 2533 1187 2592 συλλο-

135 2636 277 2724 γιστικοὶ
294 2633 445 2729 (λόγοι)ἢ
463 2640 648 2728 φαινόμενοι
669 2642 909 2728 σολλογιοτικοό.
936 2644 1075 2711 Elenoh.
1087 2639 1187 2728 Soph.

135 2750 182 2820 ll.
201 2774 231 2814 2.
247 2773 278 2836 p.
295 2751 368 2830 524.
388 2751 504 2820 Buhle.
528 2751 612 2818 Add.
632 2751 684 2816 El.
706 2753 805 2837 Soph.
826 2753 881 2816 Xl.
900 2754 930 2823 3.
955 2755 1037 2838 Top.
1051 2754 1078 2813 I.
1103 2771 1129 2830 r,
1154 2751 1186 2818 8.

219 2858 379 2931 Videmus
397 2861 507 2944 itaque
534 2859 598 2925 hoc
624 2859 838 2924 Eristioorum
863 2861 996 2922 nomine
1017 2878 1188 2943 quoscum·

136 2988 202 3055 que
225 2966 367 3052 litigiose
385 2967 586 3052 disputantes
605 2970 774 3055 appellari.
815 2969 865 3032 lta
891 2969 1033 3031 Zenonis
1052 2966 1186 3028 Eleatae

137 3069 292 3159 ἐριστικοί
305 3067 394 3155 λόγοι
414 3077 593 3139 laudantur
604 3079 638 3139 in
656 3079 755 3163 Phys.
776 3078 873 3144 Auso.
892 3076 918 3140 I.
944 3096 973 3138 2.
989 3084 1036 3153 ¹et
1064 3075 1094 3137 ὅ.
1115 3072 1192 3134 init.

136 3184 305 3246 Zenonem
319 3193 429 3247 autem
452 3185 642 3249 dialecticae
671 3186 879 3252 inventorem
904 3183 971 3268 ipse
996 3183 1206 3247 Aristoteles¹

138 3297 221 3362 dicit
233 3299 268 3377 ²).
313 3295 405 3376 Quin
442 3294 638 3380 sophismata
663 3293 745 3356 adeo
778 3293 812 3355 in
846 3294 955 3356 lucem
991 3290 1186 3376 protulerat,

136 3407 232 3469 velut
255 3401 438 3483 Achillem,
469 3401 510 3465 de
537 3412 627 3464 motu
646 3402 697 3482 ⁸),
737 3402 921 3485 librumque
947 3399 1110 3475 ediderat,
1127 3397 1186 3479 qui

126 3501 253 3597 Ἔριδος
283 3512 458 3598 inscriptus
492 3519 560 3574 erat
585 3510 627 3586 ⁴).
677 3509 837 3595 Sophistis
858 3507 997 3586 deinde,
1044 3514 1084 3568 ut
1107 3504 1186 3568 Pro·

140 3681 397 3702 mnu—¹—

175 3751 771 3849 pafflammnmapmm

128 3913 135 3920 .
173 3871 208 3943 2)
243 3869 324 3941 Apud
353 3857 435 3937 Diog.
456 3866 486 3919 1..
501 3867 546 3919 lx.
566 3866 608 3922 25.
627 3867 667 3924 ib.
687 3868 796 3937 Menag.
818 3864 887 3920 hdd.
908 3865 1034 3936 Appulei.
1056 3867 1132 3920 Orat.
1152 3863 1188 3916 de

244 3966 316 4036 Mag.
331 3983 357 4036 p.
380 3980 405 4032 7.
420 3963 481 4015 Vol.
500 3962 533 4018 11.
548 3963 607 4034 Bip.
904 4005 907 4010 .

174 4061 210 4133 3)
246 4060 358 4115 Αιίιιοι.
373 4057 451 4126 Phys.
471 4057 515 4109 vl.
536 4077 561 4126 9.
578 4059 656 4128 Diog.
674 4060 704 4113 L.
727 4061 773 4116 IX.
790 4078 833 4129 29.
854 4059 961 4128 Menag.
986 4057 1022 4119 ad
1041 4059 1185 4119 1..1x.23.

175 4154 211 4228 4)
245 4155 322 4208 Suid.
343 4173 369 4211 r.
385 4153 495 4220 Ζήνων.
532 4153 612 4207 conf.
627 4154 694 4207 Plat.
711 4152 796 4225 Soph.
817 4171 844 4226 p.
858 4158 917 4208 216.
934 4153 964 4210 b,
